2638 3860
388 403 485 448 124
1019 411 1022 415 -
1093 393 1400 431 GUALTERI
1443 390 1643 425 MAPES
2025 387 2222 436 [Distinc.
2246 385 2334 424 111.

848 621 927 669 De
953 615 1321 667 contrarietate
1352 609 1504 660 Paria·
1530 613 1581 658 et
1607 606 1795 657 Lausi.
1857 604 1932 673 iij.

457 786 663 838 Laudet
686 784 850 834 lector
893 787 947 831 et
989 786 1131 829 amet
1169 775 1395 837 auditor,
1441 773 1584 842 quod
1634 770 1857 823 Galonis
1899 779 1954 822 et
1995 770 2138 822 Sadii
2181 787 2368 821 serena

385 871 542 923 fuerit
565 876 619 920 et
661 867 772 918 sine
810 864 952 915 nube
993 862 1235 924 societaS,
1280 860 1644 926 mirenturque
1685 856 1825 908 Parii
1863 856 2062 924 pariter
2105 863 2159 907 et
2202 853 2368 907 Lausi

386 955 580 1007 nubem
623 953 678 1003 in
720 949 964 1002 amicitiis
1009 956 1063 1000 et
1100 946 1360 998 fraudem.
1435 944 1521 994 De
1566 943 1725 994 corde
1763 949 1888 993 nata
1922 941 2158 993 Luciferi
2195 942 2369 1011 prima

389 1039 534 1092 venit
558 1038 612 1088 in
638 1037 817 1087 Deum
842 1033 1042 1085 invidia
1060 1033 1230 1084 scelus
1257 1049 1385 1083 ausa
1412 1047 1740 1098 supremum,
1757 1036 1813 1080 et
1838 1028 1903 1078 de
1930 1027 2063 1078 coelo
2091 1027 2295 1096 dejecta
2313 1027 2370 1079 in

389 1125 612 1194 primam
639 1130 692 1173 et
716 1119 1039 1189 praecipuam
1067 1117 1210 1169 orbis
1236 1123 1444 1185 partem
1488 1113 1795 1183 paradisum
1835 1111 2066 1181 irrepsit,
2092 1112 2236 1164 unde
2262 1112 2372 1164 vic-

388 1210 490 1261 trix
532 1216 585 1260 et
626 1207 763 1259 victa
798 1205 1012 1256 detrusa
1049 1202 1299 1272 quicquid
1324 1209 1473 1253 extra
1496 1199 1694 1268 reperit
1718 1200 1960 1268 explorat
1985 1204 2039 1250 et-
2078 1197 2374 1267 magnificae

390 1310 591 1345 memor
638 1290 869 1342 nationis
919 1306 1249 1357 quaecunque
1300 1287 1550 1339 deorsum
1599 1285 1748 1337 videt
1806 1285 2051 1354 despicit,
2107 1303 2266 1353 supra
2317 1302 2374 1336 se

391 1385 608 1430 conatus
658 1375 810 1444 erigit
852 1381 907 1426 et
949 1373 1265 1442 degenerare
1309 1372 1602 1440 dedignans
1644 1370 1917 1440 superiora
1956 1388 2166 1439 semper
2198 1377 2374 1422 atten-

389 1472 484 1527 tat,
510 1470 759 1530 tanquam
794 1458 1044 1528 gradibus
1075 1458 1298 1510 ulterius
1330 1465 1385 1509 et
1424 1456 1647 1508 ulterius
1682 1456 1920 1508 ascensis
1950 1456 2235 1524 repatriare
2260 1474 2372 1508 non

389 1548 648 1615 desperet.
723 1546 909 1597 Parem
937 1563 992 1596 se
1021 1544 1147 1595 facit
1172 1542 1423 1595 omnibus
1445 1550 1500 1593 et
1519 1543 1865 1605 conformem,
1893 1559 2016 1592 cum
2044 1541 2114 1591 sit
2138 1541 2375 1610 impetus

387 1633 501 1701 ejus
526 1631 578 1682 in
606 1631 833 1699 impares
853 1651 868 1693 3
906 1648 1031 1680 nam
1050 1646 1260 1698 semper
1284 1628 1341 1679 in
1368 1627 1667 1696 superiores
1693 1625 1938 1695 insurgit.
2012 1626 2116 1678 Est
2149 1626 2292 1677 enim
2316 1626 2375 1679 in

389 1717 609 1770 modicis
635 1735 813 1786 parva,
836 1714 1078 1767 sublimis
1099 1714 1155 1764 in
1182 1713 1320 1778 altiS,
1346 1713 1402 1764 in
1429 1711 1642 1781 tugurio
1668 1730 1888 1781 pauper,
1908 1711 1965 1762 in
1985 1711 2184 1786 palatio
2207 1711 2373 1763 dives.

386 1804 591 1855 Vitium
633 1801 907 1871 quodlibet
948 1800 1278 1869 proscriptos
1318 1797 1515 1849 habere
1540 1797 1752 1849 videtur
1795 1796 2001 1865 aliquos
2047 1797 2222 1861 fines3
2258 1797 2376 1849 haec

392 1907 574 1941 omnes
601 1896 768 1939 metas
789 1886 1010 1950 excedit,
1037 1893 1090 1937 et
1116 1884 1259 1953 quod
1284 1884 1341 1935 in
1368 1883 1556 1935 mundi
1581 1890 1795 1934 tenetur
1814 1882 2057 1934 terminis
2073 1882 2376 1947 intabescit,

390 1975 446 2025 in
473 1972 618 2024 omni
643 1972 750 2023 vita
775 1979 943 2036 terrae,
979 1970 1158 2034 mariS,
1184 1977 1238 2022 et
1275 1969 1410 2022 aeris
1447 1968 1762 2038 pestilenter
1798 1968 2080 2032 inhabitat,
2114 1977 2177 2020 ut
2214 1970 2374 2024 etiam

391 2057 557 2110 vermi
582 2057 775 2109 vermis
809 2057 1045 2108 invidere
1085 2055 1214 2107 sciat
1234 2076 1250 2120 3
1296 2054 1547 2124 quicquid
1588 2053 1885 2106 secundum
1925 2054 2116 2106 melius
2160 2055 2246 2106 vel
2286 2055 2378 2106 de-

391 2144 554 2196 terius
578 2142 635 2193 in
659 2141 767 2194 vita
793 2141 982 2192 dicitur
1006 2141 1190 2206 inficit,
1217 2149 1271 2193 et
1297 2141 1363 2192 ab
1388 2140 1625 2193 inferiori
1652 2147 1900 2209 suscepta
1926 2139 2170 2209 superius
2207 2141 2380 2211 impe-

391 2230 473 2292 tit,
500 2236 554 2279 et
578 2246 696 2278 cum
724 2226 914 2278 obtusa
942 2227 1010 2278 sit
1034 2227 1090 2278 in
1129 2228 1309 2279 Deum
1336 2227 1529 2279 audere
1556 2225 1805 2278 sublimia
1831 2244 2054 2295 quaeque
2081 2226 2233 2295 quasi
2260 2246 2379 2297 quae

391 2315 510 2366 Deo
535 2312 776 2381 proxima
812 2313 1077 2378 videntur,
1102 2313 1415 2382 blasphema
1447 2311 1702 2381 decerpit,
1741 2311 1857 2364 coeli
1900 2312 2121 2381 dejecta,
2148 2313 2379 2382 paradisi

390 2400 626 2468 profuga,
667 2398 839 2466 primo
890 2398 1170 2450 nobiscum
1210 2399 1461 2464 exulavit,
1503 2406 1557 2451 et
1595 2398 1651 2449 in
1691 2398 1905 2450 modico
1947 2398 2049 2450 sibi
2087 2399 2153 2450 de
2190 2408 2379 2453 nostro

393 2483 615 2552 patriam
667 2483 793 2535 fecit
845 2484 1019 2536 exilio.
1097 2486 1232 2537 Haec
1274 2485 1519 2554 superbae
1571 2484 1764 2536 solium
1809 2483 2104 2554 Babylonis
2141 2485 2381 2554 ingressa

393 2570 617 2620 latenter
641 2587 817 2637 regern
850 2571 964 2639 ejus
1009 2570 1218 2621 Ninum
1259 2570 1316 2621 in
1362 2570 1585 2639 singulis
1629 2570 1957 2621 invidiosum
1994 2570 2219 2635 invenit,
2244 2571 2382 2623 invi-

397 2655 522 2706 dum
548 2655 794 2719 reddidit,
821 2662 875 2706 et
901 2654 990 2723 qui
1014 2655 1187 2706 fuerat
1213 2655 1356 2706 orbis
1383 2663 1588 2706 amator
1613 2662 1668 2706 et
1692 2673 1797 2723 pax
1833 2655 1890 2705 in
1929 2654 2112 2705 odium
2139 2655 2381 2724 ejusdem

395 2739 647 2808 pervertit
673 2746 727 2790 et
752 2738 1020 2802 malleum,
1047 2738 1113 2789 de
1139 2739 1291 2806 cujus
1323 2738 1587 2789 tirannide
1609 2757 1768 2807 quam
1793 2738 1973 2790 invide
2000 2740 2128 2790 satis
2147 2741 2384 2793 exercuit

397 2832 449 2875 et
468 2824 655 2892 cupide
674 2830 858 2876 contra
873 2822 1150 2886 finitimos,
1166 2823 1333 2891 liquet
1349 2823 1405 2874 in
1424 2823 1731 2875 auctoribus
1752 2844 1767 2887 3
1796 2824 1890 2875 sed
1904 2824 2020 2876 haec
2040 2843 2158 2894 quae
2176 2826 2384 2878 Ninum

397 2909 744 2972 interfecerat,
772 2911 907 2962 duos
952 2908 1067 2976 ejus
1110 2908 1386 2976 indignata
1427 2908 1779 2960 cubicularios
1823 2909 2021 2962 amicos
2058 2911 2289 2964 invicem
2331 2920 2387 2964 et

396 3012 489 3061 per
526 2995 703 3045 omnia
732 2994 1021 3045 concordes
1054 2994 1294 3045 Lausum
1338 3001 1393 3045 et
1435 2994 1668 3059 Parium,
1703 3013 1766 3047 eo
1793 2995 1936 3064 quod
1975 3006 2157 3049 essent
2195 2983 2386 3067 airege

398 3078 570 3146 primi,
606 3079 804 3146 placuit
841 3079 889 3130 ei
925 3087 1050 3148 post
1075 3079 1254 3149 ipsum
1294 3098 1385 3132 eos
1424 3088 1677 3145 evertere,
1704 3088 1758 3133 et
1784 3081 1906 3151 quia
1931 3083 2124 3151 potiori
2153 3103 2263 3136 non
2289 3104 2388 3154 po-

400 3163 503 3212 tuit
526 3164 692 3231 pejori
716 3166 897 3216 fucum
919 3183 1028 3216 suae
1045 3165 1433 3218 maledictionis
1451 3167 1696 3220 affricuit.
1773 3167 1990 3220 Invidet
2009 3187 2132 3238 ergo
2158 3170 2388 3222 latenter

402 3247 577 3298 Lauso
595 3249 794 3314 Parius,
815 3251 964 3317 justo
983 3269 1231 3320 nequam,
1249 3252 1366 3303 miti
1386 3271 1686 3321 perverSUS,
1706 3261 1761 3306 et
1781 3254 2096 3306 tractatibus
2117 3254 2384 3307 obscoenis

402 3329 599 3382 insistit
640 3334 875 3403 pervigil,
903 3337 1190 3404 quomodO,
1218 3339 1448 3406 quand0,
1483 3357 1587 3407 qua
1629 3339 1804 3408 possit
1841 3348 1953 3392 arte
1996 3358 2206 3405 nocere,
2243 3340 2390 3410 quic-
