2638 3860
418 384 520 435 Cap.
535 384 612 435 vi.]
963 385 1040 420 DE
1070 384 1253 420 NUffls
1283 385 1656 420 CURIALIUM.
2255 376 2357 422 235

363 523 567 577 facetiae
602 524 783 577 retulit
826 543 935 578 non
980 525 1311 595 arrogantiae.
1386 526 1557 578 Vobis
1597 533 1776 578 autem
1818 526 1920 578 hoc
1946 526 2066 578 ideo
2092 527 2359 591 recordor,

362 618 418 662 et
468 629 533 662 ex
578 612 693 663 aliis
750 611 881 663 actis
931 611 1290 678 instruamini,
1352 630 1420 664 ne
1484 612 1799 681 cujusquam
1856 631 2037 665 amore
2095 613 2166 664 sit
2233 614 2358 666 huic

360 695 655 751 Willielmo
719 717 942 751 censura
1002 707 1201 751 nostrae
1253 698 1412 751 curiae
1467 698 1757 761 remissior,
1807 698 1892 751 vel
1954 699 2078 750 odio
2134 699 2357 769 alicujus

361 783 687 849 districtior3
751 803 903 854 aequa
940 785 1090 837 lance
1138 785 1363 836 libretur
1418 784 1562 853 quod
1612 784 1856 849 audistiS,
1919 785 2171 854 quatinus
2231 787 2357 839 licet

357 868 474 921 haec
513 869 602 921 illa
645 870 790 922 curia
830 871 1076 923 videatur
1114 870 1353 935 interior,
1380 889 1490 922 non
1525 870 1797 939 judicetur
1828 871 2131 940 injustior.''
2205 873 2356 927 Quo-

356 953 502 1004 niam
527 954 688 1022 igitur
714 973 873 1006 nemo
907 955 1017 1024 juri
1052 973 1149 1007 suo
1177 963 1260 1007 est
1284 955 1457 1007 factus
1484 954 1698 1007 obviam
1725 956 1967 1007 omnium
1987 956 2191 1025 judicio
2218 957 2357 1010 Wil-

355 1038 566 1091 lielmus
594 1040 846 1093 obtinuit.

432 1126 590 1178 Hanc
630 1127 801 1178 nostri
854 1126 992 1195 regis
1038 1127 1346 1179 comitatem
1386 1126 1851 1179 annumeravimus
1901 1127 2034 1193 aliis,
2083 1137 2146 1181 ut
2185 1130 2355 1182 mani-

354 1212 552 1264 festum
581 1213 651 1264 sit
676 1212 927 1265 omnibus
954 1215 1099 1282 quod
1123 1213 1311 1265 invisis
1355 1213 1516 1265 etiam
1558 1213 1909 1266 conservabat
1949 1214 2006 1266 in
2044 1215 2122 1267 ira
2146 1217 2353 1268 miseri-

354 1298 607 1351 cordiam.
681 1299 892 1351 Artifex
929 1298 1141 1350 subtilis
1182 1305 1518 1367 expresserat
1561 1298 1792 1368 sigillum
1837 1299 2039 1368 regium
2074 1300 2355 1366 bitumine,

353 1385 779 1452 formaveratque
820 1384 1064 1452 cuprium
1105 1391 1216 1436 tam
1257 1402 1524 1453 expressae
1568 1376 1933 1436 similitudinis
1982 1386 2049 1437 ad
2091 1385 2242 1437 illum
2292 1395 2354 1438 ut

354 1487 515 1521 nemo
561 1470 917 1521 differentiam
951 1470 1174 1522 videret.
1250 1470 1390 1521 Cum
1417 1478 1598 1521 autem
1623 1470 1726 1522 hoc
1753 1470 1862 1539 regi
1888 1479 2172 1536 constaret,
2192 1472 2355 1541 jussit

355 1561 538 1630 ipsum
581 1563 857 1632 suspendi,
883 1563 1178 1633 vidensque
1203 1563 1378 1615 virum
1403 1563 1781 1627 venerabilem,
1808 1562 2009 1615 bonum
2042 1573 2096 1616 et
2125 1565 2352 1634 justum,

351 1649 568 1700 fratrem
594 1648 837 1712 malefici,
863 1649 1082 1700 flentem
1109 1656 1297 1718 operto
1325 1649 1516 1719 capite,
1553 1649 1734 1700 statim
1775 1649 2134 1702 misericordia
2175 1650 2350 1705 victus

353 1731 651 1785 bonitatem
689 1735 824 1803 justi
873 1735 1110 1803 praetulit
1156 1734 1407 1804 nequitiae
1457 1734 1551 1798 rei,
1597 1735 2069 1805 lachrymosusque
2116 1737 2351 1790 restituit

350 1816 688 1887 lachrymoso
714 1818 974 1870 laetitiam.
1024 1819 1392 1870 Veruntamen
1420 1820 1535 1869 fure
1562 1819 1758 1882 solut0,
1783 1837 1852 1871 ne
1877 1819 2097 1871 remissa
2122 1819 2348 1873 nimium

348 1904 619 1956 videretur
644 1904 834 1973 pietaS,
850 1905 906 1956 in
933 1906 1320 1957 monasterium
1342 1923 1466 1956 eum
1487 1903 1699 1956 detrudi
1722 1904 1898 1974 jussit.
1974 1904 2212 1958 Domino
2237 1907 2347 1977 regi

348 1990 607 2059 praedicto
625 1990 891 2043 serviebat
910 1991 1127 2060 quidam
1146 1991 1386 2054 clericus,
1403 1989 1496 2059 qui
1512 1989 1666 2042 vobis
1692 1990 1807 2042 haec
1829 1990 2056 2060 scripsit,
2077 1991 2162 2043 cui
2186 2011 2348 2061 agno-

349 2094 475 2126 men
518 2076 652 2144 Map
693 2097 708 2140 3
746 2076 833 2128 hic
858 2077 960 2145 ipsi
989 2095 1141 2128 carus
1168 2076 1271 2127 fuit
1295 2085 1350 2128 et
1375 2084 1643 2144 acceptus,
1670 2095 1779 2128 non
1807 2076 1916 2128 suis
1945 2077 2038 2128 sed
2063 2087 2346 2146 parentum

351 2178 570 2211 suorum
599 2159 820 2223 meritis,
847 2161 938 2228 qui
965 2160 1067 2211 sibi
1092 2160 1277 2212 fideles
1305 2168 1361 2211 et
1384 2159 1668 2212 necessarii
1700 2161 1911 2212 fuerant
1954 2169 2078 2212 ante
2123 2180 2342 2231 regnum

348 2254 404 2298 et
428 2254 570 2315 post.
649 2245 901 2297 Habebat
926 2246 1087 2298 etiam
1132 2254 1187 2298 et
1229 2246 1398 2297 filium
1427 2245 1749 2297 Gaufridum
1776 2247 1991 2298 nomine
2018 2256 2344 2316 susceptum,

348 2332 393 2383 si
420 2332 592 2384 dicere
618 2332 697 2382 fas
724 2340 823 2395 est,
850 2351 880 2382 a
905 2331 1119 2400 publica
1159 2330 1244 2382 cui
1288 2348 1487 2382 nomen
1533 2330 1783 2395 Hikenai,
1809 2339 1870 2382 ut
1895 2333 2343 2400 est'praetactum,

347 2437 507 2487 quem
533 2426 719 2470 contra
744 2418 906 2469 fidem
934 2425 989 2469 et
1013 2418 1253 2469 animum
1279 2416 1521 2468 omnium
1547 2416 1603 2467 in
1631 2434 1789 2467 suum
1824 2417 2116 2470 advocavit.
2194 2418 2342 2470 Inter

345 2506 489 2556 hunc
516 2511 570 2555 et
597 2504 731 2571 Map
757 2502 936 2553 faciles
965 2501 1248 2570 aliquando
1274 2501 1395 2552 lites
1422 2519 1599 2552 coram
1625 2500 1743 2569 ipso
1782 2501 1875 2552 sed
1919 2511 1973 2553 et
2009 2501 2135 2553 alias
2161 2503 2341 2555 venie-

343 2590 494 2642 bant.
573 2590 736 2641 Hunc
763 2607 856 2640 rex
882 2588 949 2639 ad
977 2587 1271 2639 Lincolniae
1294 2586 1475 2637 sedem
1502 2586 1636 2654 elegi
1661 2586 1804 2650 fecit,
1842 2587 1932 2656 qui
1952 2587 2101 2654 justo
2138 2587 2337 2639 diutius

344 2678 715 2749 episcopatum
758 2675 911 2727 illum
954 2673 1202 2738 detinuit,
1244 2673 1462 2724 domino
1506 2691 1645 2741 papa
1685 2672 1878 2741 saepius
1922 2680 2143 2741 urgente
2193 2673 2336 2741 quod

344 2766 557 2818 cederet
581 2772 675 2814 aut
700 2761 1034 2814 ordinaretur
1059 2759 1397 2829 episcOPUS,*
1424 2758 1514 2828 qui
1555 2758 1647 2809 diu
1689 2758 2040 2826 tergiversaris
2083 2766 2334 2810 neutrum

341 2860 397 2904 et
422 2858 710 2918 utrumque
734 2847 906 2900 voluit
931 2854 985 2898 et
1011 2845 1199 2898 noluit.
1274 2845 1390 2895 Rex
1415 2843 1575 2912 igitur
1600 2843 1690 2912 qui
1717 2843 1939 2895 sollicite
1966 2842 2337 2896 considerabat

341 2937 569 2990 multam
594 2943 788 2987 terram
825 2940 1138 3002 occupatam
1178 2950 1208 2982 a
1245 2930 1351 2982 ficu
1395 2930 1505 2992 tali,
1531 2929 1702 2998 coegit
1728 2947 1850 2980 eum
1893 2929 1961 2980 ad
2003 2929 2333 2981 alterutrum.

346 3025 402 3076 Is
446 3030 626 3074 autem
670 3019 829 3088 elegit
871 3018 1075 3071 cedere.
1152 3016 1331 3068 Cessit
1379 3015 1539 3084 igitur
1588 3015 1731 3084 apud
1776 3014 2189 3083 Merleburgam‚
2239 3014 2335 3066 ubi

397 3172 422 3195 *²
453 3169 643 3220 Geoffrey
657 3180 734 3206 was
752 3179 874 3205 never
886 3165 1147 3205 consecrated
1165 3165 1312 3215 bishop
1368 3163 1413 3202 in
1442 3163 1559 3202 other
1588 3166 1767 3213 respects
1800 3162 1867 3200 the
1897 3173 1962 3200 see
1994 3160 2197 3199 remained
2225 3174 2270 3200 as
2304 3162 2339 3200 if

344 3240 391 3280 of
418 3239 617 3284 Lincoln;
649 3237 700 3275 he
731 3234 912 3274 received
944 3234 1014 3272 the
1048 3245 1243 3271 revcnues
1272 3232 1319 3270 of
1368 3234 1527 3269 vacant.
1601 3229 1735 3267 When
1767 3233 1808 3267 at
1850 3228 1990 3278 length
2028 3228 2252 3278 compelled
2290 3233 2332 3267 to

346 3311 415 3348 the
449 3321 514 3346 see
549 3306 696 3355 during
726 3316 848 3343 seven
879 3315 1009 3354 years,
1030 3301 1083 3352 by
1103 3313 1246 3338 reason
1273 3299 1319 3338 of
1370 3298 1551 3348 undergo
1572 3296 1814 3342 ordination,
1834 3308 1880 3333 or
1909 3294 2133 3345 relinquish
2162 3295 2231 3334 the
2251 3308 2332 3343 see,

345 3377 409 3416 his
430 3375 615 3420 election‚
631 3373 707 3411 but
721 3371 893 3410 without
906 3369 1149 3415 ordination,
1166 3380 1210 3407 so
1227 3367 1316 3406 that
1372 3366 1560 3415 Geoffrey
1582 3365 1703 3404 chose
1724 3365 1791 3403 the
1812 3364 1929 3402 latter
1949 3363 2199 3402 alternative.
