2638 3860
336 397 438 443 214
1048 406 1358 442 GUALTERI
1400 405 1601 439 MAPES
2019 405 2221 455 [Distinc.
2244 405 2296 443 V.

868 559 1019 597 Gauter
1038 558 1260 608 vendenge,
1282 562 1323 596 et
1343 558 1534 597 Buchard
1553 570 1690 609 grape,

866 627 921 664 Et
941 626 1185 664 Willielmus
1206 626 1254 663 de
1276 626 1445 676 Gurney
1463 625 1569 676 hape
1587 640 1597 673 3

867 693 1001 732 Lowis
1022 697 1142 744 prent
1162 706 1239 744 que
1260 706 1337 744 que
1356 694 1421 731 lur
1442 705 1601 744 escape.

405 809 650 861 Carmine
676 808 945 877 publicato
973 815 1256 860 senserunt
1294 807 1370 859 illi
1409 809 1551 860 furta
1578 807 1770 877 detegi,
1798 806 2150 859 conscientias
2177 826 2325 860 reve-

329 893 422 944 lari
442 913 457 956 3
496 892 779 944 doluerunt
818 891 978 960 igitur
1020 901 1074 944 et
1114 892 1166 942 in
1212 892 1474 944 ultionem
1514 891 1721 955 armati,
1763 909 2094 960 quaecunque
2132 910 2324 945 nocere

330 985 556 1046 possunt
580 977 636 1028 in
661 977 838 1045 ipsum
865 985 1176 1045 congerunt,
1201 977 1524 1029 insidiantur
1567 985 1622 1028 et
1664 995 1815 1028 reum
1841 977 1952 1045 regi
1978 977 2243 1041 deferunt,
2270 985 2325 1029 et

331 1081 450 1114 cum
499 1062 678 1131 ipsum
726 1062 1033 1131 frequenter
1082 1070 1353 1126 moveant,
1404 1082 1435 1114 a
1483 1062 1672 1132 pietati
1723 1070 1994 1114 amovent.
2071 1063 2326 1114 Matrona

330 1146 545 1197 tandem
586 1146 829 1214 quaedam
873 1146 1069 1198 nobilis
1102 1154 1158 1198 et
1200 1147 1482 1211 ditissima,
1516 1147 1610 1198 sed
1653 1147 1809 1198 famae
1852 1146 2088 1210 lubricae,
2123 1165 2318 1216 magno

330 1248 547 1282 rancore
573 1230 846 1299 multaque
868 1231 1117 1300 superbia
1143 1232 1496 1296 debacchans,
1522 1239 1785 1284 astantem
1814 1233 1925 1301 regi
1950 1233 2322 1285 Waleranium

332 1315 628 1380 accusabat,
679 1317 824 1385 quod
886 1317 951 1368 de
1003 1336 1059 1369 se
1109 1318 1447 1370 Waleranius
1500 1319 1594 1370 sed
1646 1326 1701 1370 et
1752 1319 1818 1369 de
1880 1337 2002 1387 rege
2054 1327 2325 1372 cantasset

331 1400 580 1451 obscoena
619 1399 870 1452 carmina.
945 1402 1061 1452 Rex
1102 1410 1280 1454 autem
1315 1403 1440 1454 inde
1473 1411 1655 1454 motus
1682 1403 1774 1467 ait,
1801 1407 1836 1432 ‘⁶
1859 1402 2179 1469 Galeranne,
2206 1423 2325 1455 mea

329 1486 439 1537 fero
465 1484 731 1554 patienter
755 1485 1057 1554 opprobria,
1085 1488 1179 1539 sed
1203 1488 1365 1556 hujus
1392 1488 1802 1557 consanguineae
1827 1507 1961 1541 meae
1988 1489 2324 1542 dissimulare

329 1588 439 1621 non
485 1570 653 1633 decet,
698 1588 821 1622 cum
869 1570 987 1639 ipsa
1034 1572 1249 1640 sanguis
1293 1591 1445 1624 meus
1491 1573 1578 1637 sit,
1631 1580 1686 1625 et
1735 1592 1905 1625 unum
1955 1574 2319 1627 membrorum

330 1655 625 1706 meorum.”
699 1656 1002 1724 Respondit
1029 1656 1406 1721 GallerannuS,
1432 1661 1467 1687 ‘⁶
1486 1659 1588 1710 hoc
1614 1658 1897 1711 herniosus
1936 1678 1993 1712 es
2025 1660 2322 1725 membr0,”

330 1738 473 1807 quod
497 1739 717 1790 facetius
747 1739 949 1791 Gallice
977 1740 1186 1805 dicitur,
1212 1744 1293 1793 De
1319 1748 1423 1794 cest
1443 1744 1661 1794 membre
1687 1750 1825 1795 es—tu
1843 1746 2127 1811 mayrinez.
2205 1747 2323 1798 Rex

330 1831 383 1874 et
421 1824 523 1875 hoc
566 1823 729 1876 verbo
772 1842 827 1875 se
872 1834 1173 1878 reverenter
1221 1827 1426 1879 habuit.
1504 1828 1763 1880 Riserunt
1805 1829 1910 1893 alii,
1957 1830 2049 1881 sed
2088 1831 2207 1899 ipsa
2263 1850 2321 1883 se

331 1909 554 1960 derisam
591 1910 777 1961 dolens
813 1910 1013 1975 intulit,
1052 1913 1342 1964 “Domine
1380 1932 1491 1976 rex,
1527 1914 1736 1966 dimitte
1782 1916 1915 1966 mihi
1940 1916 2232 1968 vindictam
2259 1926 2322 1969 ut

329 2013 532 2046 morem
558 1995 606 2046 ei
630 2013 825 2063 gerem.
900 1996 1046 2047 Novi
1092 1997 1219 2048 satis
1264 2016 1368 2066 qua
1412 1999 1704 2051 mulctandi
1751 2008 1880 2052 sunt
1906 2002 2109 2054 ultione
2136 2004 2318 2069 mimi3

330 2087 438 2130 tres
464 2079 512 2130 ei
539 2098 755 2148 queram
793 2081 1114 2145 meretriceS,
1143 2100 1368 2150 quarum
1394 2083 1613 2135 verbere
1649 2103 1747 2136 suo
1792 2104 1940 2138 more
1979 2087 2322 2156 castigetur.”

328 2165 467 2215 Tum
493 2165 864 2229 Walerannus,
906 2169 939 2195 ‘⁶
957 2166 1209 2230 Domina,
1253 2167 1390 2219 bene
1433 2169 1720 2237 perfecisti,
1747 2189 1873 2221 nam
1916 2171 2022 2223 nisi
2062 2173 2183 2225 duae
2222 2174 2323 2226 tibi

330 2249 575 2301 desunt.'’
649 2252 788 2301 Tum
825 2250 914 2301 illa
953 2269 1075 2302 cum
1113 2252 1398 2321 lachrymis
1425 2254 1520 2304 has
1546 2254 1802 2307 vindicari
1841 2257 1979 2324 petit
2002 2257 2241 2326 injuriaS,
2268 2268 2323 2312 et

328 2341 435 2386 tres
477 2334 553 2386 illi
594 2353 728 2404 quos
770 2336 1066 2388 offenderat
1111 2356 1233 2389 suas
1278 2338 1538 2408 adjiciunt
1582 2342 1822 2409 querelas
1875 2350 1929 2393 et
1977 2344 2323 2412 proscribunt

329 2419 597 2472 miserum.
695 2420 1030 2473 Galerannus
1103 2422 1264 2492 igitur
1325 2424 1392 2475 ad
1461 2425 1742 2477 dominum
1811 2435 2078 2493 nostrum,
2139 2448 2320 2499 regem

328 2504 527 2556 scilicet
575 2506 799 2575 Angliae,
850 2507 1105 2576 confugit,
1159 2519 1214 2560 et
1266 2508 1495 2578 benigne
1547 2519 1830 2580 susceptus
1870 2521 1969 2565 est.
2044 2514 2318 2567 Walterus

324 2588 537 2641 interim
565 2591 752 2642 domos
773 2591 887 2660 ejus
915 2592 1124 2661 dejecit,
1145 2593 1327 2645 vineas
1354 2595 1567 2660 evulsit,
1593 2595 1823 2665 virgulta
1851 2597 2133 2664 subvertit,
2164 2618 2318 2669 sepes

325 2674 618 2743 dissipavit,
665 2677 844 2728 omnia
889 2678 1168 2730 destruxit.
1244 2680 1516 2732 Dominus
1561 2689 1740 2734 autem
1785 2691 1971 2735 noster
2019 2684 2103 2736 bis
2148 2686 2316 2738 literis

325 2759 452 2823 suiS,
477 2768 559 2811 ter
584 2779 674 2813 ore
699 2762 935 2830 proprio,
963 2763 1243 2814 dominum
1288 2764 1628 2816 Lodovicum
1666 2773 1877 2833 petenS,
1904 2785 2015 2818 non
2042 2775 2129 2820 est
2154 2787 2318 2821 exau-

324 2845 464 2896 ditus
490 2853 552 2896 ut
576 2847 957 2900 restitueretur.
1033 2849 1238 2900 Videns
1264 2849 1425 2918 igitur
1443 2868 1500 2901 se
1519 2850 1899 2903 Wallerannus
1925 2854 2127 2905 nullius
2152 2854 2318 2907 inter-

323 2931 560 2982 cessione
602 2948 761 3000 posse
800 2934 1029 2998 restitui,
1075 2935 1198 3003 quia
1241 2935 1577 2988 Lodovicum
1621 2936 1923 3005 piissimum
1972 2949 2212 3006 noverat,
2250 2943 2317 2994 ad

323 3015 534 3082 pietatis
571 3017 685 3085 ejus
725 3019 917 3071 auxilia
943 3020 1201 3090 confugit,
1243 3028 1298 3072 et
1322 3021 1536 3090 regibus
1572 3022 1842 3090 praedictis
1888 3025 2316 3094 colloquentibus

323 3098 376 3149 in
412 3118 598 3169 campo
642 3104 893 3168 maximo,
936 3105 1313 3159 circumstante
1359 3107 1530 3158 multa
1591 3126 1788 3160 corona
1836 3110 2087 3176 militum,
2130 3121 2318 3165 nostro

323 3201 443 3250 rege
475 3189 812 3253 praemunito,
850 3190 998 3242 venit
1036 3190 1398 3243 VValerannus
1440 3193 1681 3245 insidens
1728 3212 1867 3264 equo
1907 3198 2121 3250 modico
2165 3198 2317 3267 nigro

323 3269 593 3337 macieque
619 3271 857 3336 deformi,
884 3273 975 3325 vili
1002 3274 1160 3326 nimis
1201 3277 1257 3326 in
1295 3276 1502 3342 habitu,
1529 3278 1818 3349 fractisque
1858 3289 2126 3335 vetustate
2151 3283 2319 3335 vesti-

324 3352 443 3416 buS,
482 3353 657 3405 hircus
703 3364 756 3407 et
795 3357 996 3423 illotus,
1035 3359 1167 3428 ipsis
1210 3362 1500 3414 calcaribus
1543 3382 1573 3415 a
1617 3365 1726 3416 talo
1773 3367 2220 3435 dependentibuS‚
2259 3368 2316 3420 in
