2638 3860
372 381 472 428 182
1070 385 1381 422 GUALTERI
1420 382 1623 418 MAPEs
2031 381 2231 432 [Distinc.
2253 380 2332 420 IV.

365 534 523 586 quem
551 512 948 567 admirabantur
971 517 1123 579 pater
1148 510 1263 578 ejus
1290 516 1345 561 et
1371 515 1541 560 mater
1567 515 1622 559 et
1647 514 1762 558 tota
1788 506 1936 558 natio
1977 525 2089 575 prae
2136 505 2359 559 scientia

363 603 419 654 in
444 619 610 671 puero
636 606 858 650 matura.
937 596 1044 648 Hic
1088 614 1212 648 cum
1250 602 1394 646 esset
1421 593 1680 645 sollicitus
1708 591 1774 643 de
1801 591 1971 643 salute
1997 593 2189 644 animae
2227 609 2358 654 suae,

362 707 470 740 non
512 686 718 737 invenit
757 684 814 734 in
855 683 970 750 lege
1013 681 1295 750 gentilium
1341 679 1484 730 unde
1513 697 1664 747 spem
1692 677 2015 745 conciperet.
2093 678 2355 729 Scrutatis

360 773 520 841 igitur
542 778 754 839 patrum
781 766 1176 830 traditionibUS,
1204 765 1270 817 ad
1298 765 1644 817 christianam
1690 781 1746 815 se
1791 763 2023 815 contulit
2059 764 2355 827 veritatem,

359 853 729 924 Templaribus
747 852 1036 922 baptismo,
1056 852 1181 915 fide,
1203 851 1455 903 societate
1476 850 1815 919 conjunctus,
1856 847 1960 899 Cui
1981 867 2102 900 cum
2121 848 2354 918 acceptis

358 939 585 992 induciis
627 947 779 1008 pater
806 939 921 1007 ejus
948 945 1003 990 et
1028 946 1198 989 mater
1229 948 1284 988 et
1311 954 1422 988 suae
1449 944 1723 1005 magnates
1768 934 2057 1004 parentelae
2100 935 2355 987 secretius

355 1026 714 1094 loquerentur,
740 1031 802 1075 ut
826 1024 1006 1093 ipsum
1034 1023 1185 1092 quasi
1211 1022 1277 1073 ab
1305 1040 1480 1074 errore
1502 1022 1738 1073 facerent
1771 1020 2030 1089 resipisci,
2057 1020 2354 1089 respondit,

356 1113 391 1140 ‘⁶
410 1109 696 1162 Carissime
746 1118 916 1178 pater,
957 1109 1047 1178 qui
1093 1108 1354 1178 sapientia
1410 1107 1696 1177 praemines
1743 1106 1876 1170 aliis,
1923 1114 1984 1157 tu
2028 1107 2161 1158 mihi
2206 1107 2353 1158 solus

357 1194 569 1246 omissis
586 1193 872 1263 lachrymis
891 1194 975 1245 dic
993 1212 1153 1262 quam
1174 1201 1424 1262 expectes
1442 1212 1471 1243 a
1492 1192 1593 1244 diis
1611 1192 1802 1243 animae
1819 1199 1926 1243 tuae
1942 1191 2355 1244 retributionem

351 1298 449 1349 pro
491 1279 751 1349 impensis
797 1279 1124 1348 obsequiiS.''
1197 1281 1339 1331 Tum
1382 1278 1491 1343 ille,
1535 1282 1569 1307 ‘⁶
1589 1277 1879 1330 Carissime
1915 1278 2009 1342 fili,
2045 1278 2354 1347 paradisum

355 1366 511 1417 nobis
560 1374 995 1435 praeparaverunt
1045 1365 1118 1416 dii
1161 1365 1350 1429 nostri,
1393 1365 1530 1417 lacte
1574 1372 1630 1417 et
1679 1364 1836 1416 melle
1880 1364 2093 1416 duobus
2145 1364 2353 1433 magnis

355 1451 666 1503 fluminibus
693 1458 1020 1516 manantem,
1047 1451 1251 1520 eritque
1277 1450 1436 1503 nobis
1476 1451 1534 1502 in
1574 1450 1729 1502 melle
1757 1467 1915 1519 sapor
1941 1449 2183 1501 omnium
2212 1449 2352 1501 desi-

355 1537 667 1588 derabilium
718 1536 976 1601 ciborum,
1022 1544 1076 1588 et
1118 1535 1175 1587 in
1218 1536 1354 1587 lacte
1404 1534 1692 1605 cujuslibet
1747 1534 2027 1586 delectatio
2077 1535 2353 1604 liquoriS.'’

354 1622 449 1674 Ait
474 1641 598 1691 ergo
645 1623 837 1687 Salius,
858 1626 894 1652 “
912 1623 970 1675 Si
1009 1640 1120 1674 non
1163 1621 1512 1690 appetieritiS,
1539 1640 1647 1673 non
1676 1629 1835 1673 erunt
1861 1620 2062 1673 deliciae
2086 1642 2097 1672 :
2144 1622 2353 1690 appeti-

354 1709 516 1773 eritiS,
544 1727 649 1778 quo
675 1710 796 1778 plus
822 1709 1046 1760 multam
1075 1708 1408 1760 saturitatem
1434 1709 1502 1759 ad
1538 1707 1796 1777 requisita
1824 1707 2099 1759 divertetis
2127 1717 2350 1763 naturae.

356 1793 659 1861 Corporalis
687 1793 830 1845 enim
857 1793 1008 1845 cibus
1036 1800 1128 1844 aut
1153 1799 1314 1861 potus
1342 1810 1658 1844 evanescere
1684 1810 1792 1843 non
1822 1799 2021 1860 potest,
2052 1793 2350 1845 necessaria

351 1885 413 1928 ut
437 1878 676 1930 habeatis
702 1897 920 1931 necesse
947 1886 1046 1942 est,
1073 1886 1127 1930 et
1151 1885 1336 1947 pereat
1360 1877 1639 1946 paradisus
1668 1895 1785 1946 quae
1812 1877 1906 1928 tali
1937 1885 2056 1946 eget
2082 1877 2351 1946 tugurio.'’

352 1962 612 2013 Videntes
655 1962 816 2030 igitur
857 1962 940 2013 sui
983 1962 1153 2031 legem
1198 1970 1412 2029 patrum
1455 1979 1675 2012 suorum
1720 1960 1786 2012 ab
1831 1960 1951 2030 ipso
1993 1960 2251 2026 delusam,
2296 1969 2352 2014 et

353 2054 538 2098 contra
603 2046 959 2098 constantiam
1010 2047 1125 2114 ejus
1169 2063 1355 2097 eorum
1396 2064 1589 2096 vanam
1639 2045 1972 2111 instantiam,
2014 2055 2351 2099 recesserunt

355 2151 476 2184 cum
501 2133 784 2202 lachrymis
811 2132 1189 2184 maledicentes
1210 2132 1276 2184 ei.
1341 2131 1468 2200 Ipse
1489 2140 1669 2183 autem
1696 2150 1796 2184 nec
1820 2150 2042 2184 uxorem
2070 2132 2225 2184 duxit
2249 2151 2349 2186 nec

350 2217 516 2271 boves
541 2218 803 2288 probavit.

921 2463 1001 2513 De
1028 2461 1200 2513 Αἰαηο
1226 2478 1345 2530 reye
1370 2462 1666 2514 Britonum.
1729 2480 1818 2515 xv.

418 2645 493 2696 At
518 2645 724 2697 Alanus
753 2645 958 2711 Rebrit,
995 2646 1031 2699 i.
1059 2665 1105 2699 e.
1131 2664 1226 2698 rex
1266 2647 1612 2712 Britonum,>¹<
1655 2664 1881 2698 uxorem
1926 2647 2146 2700 sinistro
2189 2650 2345 2702 duxit

347 2731 583 2800 auspicio
634 2750 871 2784 sororem
929 2732 1067 2802 regis
1125 2733 1476 2797 Francorum,
1527 2750 1709 2784 comes
1746 2732 1862 2801 ipse
1908 2734 2248 2787 Redonensis
2288 2745 2344 2788 et

347 2817 512 2869 totius
542 2818 834 2870 Britanniae
861 2818 1083 2870 minoris
1128 2819 1397 2883 dominUS,
1436 2826 1491 2870 et
1516 2819 1667 2888 quasi
1693 2836 1803 2870 rex.
1878 2819 2014 2872 Erat
2050 2828 2180 2873 tunc
2204 2829 2342 2874 tem-

346 2903 489 2970 poris
551 2921 730 2956 comes
776 2904 1162 2957 Leoviensium
1213 2903 1546 2968 RemelinuS,
1600 2903 1692 2973 qui
1734 2903 1861 2956 licet
1899 2906 2066 2957 Alani
2127 2908 2341 2976 juratus

347 2997 489 3041 esset
531 2996 586 3041 et
618 2991 733 3058 ejus
764 2990 946 3056 hom0,
984 2990 1281 3043 insolenter
1318 2997 1500 3042 tamen
1545 3008 1601 3042 se
1634 2990 1868 3043 habebat
1910 2999 1965 3044 et
1996 2993 2231 3047 vitanter
2272 2996 2338 3048 ad

401 3121 425 3149 *
456 3124 497 3162 It
514 3125 549 3163 is
569 3128 641 3164 not
658 3139 755 3177 very
774 3138 866 3177 easy
885 3131 929 3165 to
965 3139 1036 3178 say
1054 3126 1145 3165 who
1176 3126 1211 3166 is
1243 3127 1311 3165 the
1367 3127 1564 3177 daughter
1583 3127 1629 3166 of
1653 3127 1835 3167 William
1854 3129 1922 3168 the
1942 3129 2194 3181 Conqueror.
2252 3131 2340 3171 The

349 3189 452 3228 Alan
493 3192 651 3231 alluded
688 3198 732 3231 to
772 3194 885 3234 here.
941 3194 1027 3233 The
1063 3195 1142 3232 last
1171 3193 1218 3232 of
1241 3194 1309 3233 the
1366 3195 1495 3234 dukes
1515 3194 1562 3233 of
1577 3194 1749 3247 Britany
1767 3200 1810 3234 at
1829 3197 1910 3236 this
1922 3197 2020 3236 time
2033 3199 2191 3250 usually
2199 3199 2340 3250 joined

350 3256 475 3296 Alans
494 3258 620 3298 dukes
653 3261 698 3299 of
726 3262 894 3312 Britany
911 3274 992 3300 was
1011 3261 1118 3300 Alan
1137 3262 1310 3312 Fergent
1364 3262 1434 3300 the
1452 3262 1543 3301 title
1562 3262 1611 3301 of
1633 3267 1759 3302 count
1777 3263 1825 3303 of
1850 3264 2009 3304 Rennes
2034 3263 2189 3312 (comes
2208 3266 2339 3305 Redo-

348 3323 670 3377 (1084—1112)‚
714 3328 804 3368 who
842 3328 1012 3367 married
1060 3327 1305 3377 Constance,
1363 3331 1522 3383 nensis)
1545 3331 1644 3371 with
1659 3331 1749 3371 that
1768 3332 1816 3372 of
1830 3333 1937 3372 duke
1957 3333 2004 3372 of
2015 3333 2201 3385 Britany.
