2638 3860
344 330 447 385 cap.
467 331 498 374 i.
519 331 587 383 ii.]
970 333 1049 368 DE
1091 333 1276 370 Nncrs
1319 334 1696 372 CURIALIUM.
2298 320 2328 368 5

311 465 537 511 tuerunt
574 456 870 528 sapientiae,
894 461 1251 531 prosperitate
1276 480 1454 515 rerum
1483 470 1539 515 et
1562 479 1808 533 personae
1832 460 2035 526 feliceS,
2072 458 2332 531 abyssum

310 545 494 598 rimari
517 545 690 616 phisis
711 553 767 598 et
790 546 848 598 in
872 544 1050 597 lucem
1083 546 1354 616 profunda
1377 547 1676 617 producere
1701 548 2007 601 valuerunt.
2083 544 2182 596 Hii
2205 551 2336 614 post

312 638 455 683 astra
490 631 660 685 vitam
686 630 1019 695 animalium,
1053 630 1373 697 volatilium,
1412 639 1468 685 et
1490 631 1724 702 piscium
1751 632 2133 696 distinxerunt,
2159 637 2216 683 et
2238 649 2335 682 na-

311 713 489 766 tiones
516 721 573 767 et
595 714 813 778 foedera,
855 719 1074 765 naturas
1114 713 1405 766 herbarum
1442 721 1499 767 et
1539 715 1826 780 seminum,
1869 717 1947 769 hii
1985 715 2333 770 centennium

312 801 635 868 cornicibUS‚
674 800 1012 854 millennium
1053 818 1283 871 posuere
1327 802 1523 868 corviS,
1557 802 1729 856 cervis
1770 809 1952 855 autem
1992 808 2208 855 aetatem
2251 800 2335 853 in-

313 887 679 941 credibilem.*
755 888 988 941 Credere
1005 894 1188 939 tamen
1205 886 1282 939 eis
1300 887 1454 940 decet
1473 889 1773 957 praesertim
1792 889 1859 941 de
1874 886 2022 952 feris,
2042 886 2189 956 quod
2208 904 2335 940 cum

309 970 445 1040 ipsis
471 977 597 1024 ante
624 969 864 1023 carnium
887 986 1043 1021 esum
1062 968 1438 1038 imperterritae
1457 970 1768 1037 manebant,
1787 978 1851 1024 ut
1866 971 2030 1024 modo
2047 971 2335 1025 nobiscum

311 1075 489 1122 caneS‚
510 1073 742 1126 quorum
767 1073 869 1108 nos
908 1054 1021 1108 vita
1054 1072 1166 1106 non
1207 1054 1347 1107 fallit
1371 1062 1465 1107 aut
1502 1059 1860 1111 consuetudo·
1936 1058 2148 1111 Multas
2173 1058 2335 1112 nobis

308 1143 651 1196 inventiones
676 1142 1010 1212 reliquerunt
1033 1141 1091 1193 in
1119 1141 1352 1212 scriptis,
1392 1142 1640 1212 plurimae
1673 1145 1944 1198 devolutae
1971 1152 2102 1198 sunt
2131 1146 2203 1199 ad
2231 1165 2336 1201 nos

308 1225 634 1296 parentatim
660 1244 691 1277 a
706 1224 913 1295 primiS‚
935 1231 991 1277 et
1008 1242 1122 1277 non
1139 1231 1224 1277 est
1243 1243 1275 1276 a
1289 1223 1448 1277 nobis
1465 1233 1653 1278 nostra
1667 1227 1878 1297 peritia,
1905 1232 2002 1285 sed
2026 1231 2093 1285 ab
2118 1232 2254 1303 ipsis
2277 1233 2337 1286 in

309 1330 411 1364 nos
431 1330 530 1381 pro
550 1317 738 1363 nostra
756 1309 1052 1381 capacitate
1072 1310 1361 1363 transfusa.
1436 1311 1523 1364 De
1544 1312 1691 1365 curia
1708 1314 1867 1370 nobis
1885 1318 2035 1389 origo
2052 1318 2337 1386 sermoniS‚

310 1405 367 1451 et
415 1415 479 1450 eo
509 1397 624 1467 jam
658 1395 894 1449 devenit.
972 1394 1062 1448 Sic
1105 1394 1356 1447 incidunt
1399 1413 1614 1467 semper
1658 1398 1852 1470 aliqua,
1906 1424 2026 1476 quae
2063 1405 2190 1460 licet
2221 1425 2335 1460 non

310 1486 547 1540 multum
577 1486 647 1538 ad
671 1503 804 1549 rem,
831 1491 1015 1536 tamen
1042 1483 1244 1537 differri
1269 1485 1485 1551 nolunt,
1524 1504 1625 1540 nec
1649 1490 1813 1543 refert
1839 1491 1970 1545 dum
2010 1511 2122 1546 non
2158 1500 2335 1547 atrum

313 1573 563 1626 desinant
586 1571 643 1624 in
668 1570 931 1642 piscem,†
952 1578 1008 1624 et
1032 1588 1148 1623 rem
1173 1570 1353 1640 poscit
1378 1579 1504 1642 apte
1521 1573 1667 1644 quod
1693 1575 1880 1631 instat.

1095 1733 1186 1789 De
1210 1736 1438 1804 inferno·
1513 1737 1568 1791 ii.

387 1846 670 1898 Infernum
719 1842 873 1896 aiunt
920 1843 1102 1896 locum
1151 1843 1440 1913 poenalem,
1491 1845 1644 1915 quasi
1684 1846 1731 1898 si
1790 1865 2119 1917 praesumam
2157 1849 2335 1902 audax

311 1932 537 1986 effectus
582 1938 638 1984 et
676 1929 958 1984 temerarie
999 1929 1174 1983 dicam
1216 1929 1419 1983 curiam
1464 1951 1578 1985 non
1639 1933 1931 2000 infernum,
1995 1935 2091 1988 sed
2152 1935 2334 1988 locum

368 2107 395 2130 ¹*
425 2109 517 2149 Our
533 2109 683 2149 author
702 2108 900 2163 seriously
929 2113 1053 2149 starts
1084 2109 1156 2150 the
1187 2110 1293 2150 diffi-
1349 2111 1505 2151 certain
1533 2113 1708 2154 animals
1746 2113 1870 2154 could
1916 2114 2020 2154 have
2056 2114 2162 2154 been
2195 2126 2333 2154 ascer-

314 2177 443 2228 culty‚
489 2178 624 2218 which
669 2179 745 2218 has
776 2178 1012 2230 frequently
1046 2178 1157 2218 since
1187 2178 1294 2219 been
1347 2180 1505 2221 tained.
1562 2182 1652 2222 The
1670 2182 1883 2234 following
1901 2183 2006 2224 lines
2020 2181 2105 2236 (De
2122 2179 2333 2234 aetatibus)

312 2245 448 2284 raised
484 2245 529 2284 in
561 2246 675 2295 joke,
716 2258 761 2284 as
798 2248 843 2284 to
877 2246 949 2284 the
978 2246 1220 2297 experience
1240 2246 1296 2298 by
1351 2259 1420 2288 are
1438 2248 1668 2290 attributed
1687 2255 1732 2290 to
1753 2250 1866 2291 Bede
1884 2265 1954 2290 :—

313 2313 446 2354 which
465 2314 536 2353 the
568 2314 666 2367 long
693 2313 796 2353 lives
828 2314 949 2364 given
980 2313 1233 2366 legendarily
1251 2318 1297 2353 to

696 2398 724 2418 “
747 2394 828 2434 Ter
844 2394 966 2434 binos
986 2394 1204 2446 deciesque
1223 2407 1374 2435 novem
1393 2409 1517 2449 super
1535 2397 1620 2437 exit
1638 2398 1682 2437 in
1710 2410 1840 2439 annos

748 2462 776 2503 J
778 2465 872 2502 usta
890 2466 1180 2515 senescentum
1198 2475 1302 2515 quos
1320 2463 1467 2516 implet
1485 2464 1572 2503 vita
1588 2464 1770 2504 virorum
1786 2480 1798 2514 ς

749 2530 841 2569 Hos
860 2530 1003 2569 novies
1025 2534 1192 2582 superat
1210 2531 1385 2571 vivendo
1413 2531 1577 2583 garrula
1595 2531 1757 2579 cornix,

748 2598 806 2638 Et
825 2601 969 2649 quater
989 2598 1196 2648 egreditur
1216 2599 1390 2639 cornicis
1411 2599 1562 2639 saecula
1579 2609 1738 2646 cervus,

748 2666 988 2717 AEripedem
1007 2679 1173 2706 cervum
1194 2670 1257 2707 ter
1275 2668 1407 2707 vincit
1421 2678 1582 2714 cervae,
1601 2669 1644 2705 et
1661 2665 1780 2707 illum

747 2734 1003 2786 Multiplicat
1022 2735 1163 2774 novies
1182 2735 1352 2787 phoenix
1370 2735 1608 2787 reparabilis
1627 2735 1726 2783 ales,

748 2802 883 2846 Quem
901 2815 978 2843 nos
998 2807 1197 2854 perpetuo
1217 2804 1350 2844 decies
1370 2803 1654 2855 praevertimus
1674 2815 1761 2843 aevo

747 2869 955 2921 Nymphae
976 2869 1284 2922 Hamadryades
1304 2883 1476 2923 quarum
1495 2870 1736 2922 longissima
1754 2871 1840 2913 vita
1858 2872 1968 2912 est.”

1457 2945 1582 2985 Bedae
1600 2945 1752 2997 Opera,
1775 2947 1839 2986 ed.
1864 2946 1995 2995 Giles,
2015 2947 2098 2988 vol.
2116 2947 2146 2987 i.
2165 2960 2209 3000 p.
2233 2951 2328 2988 104.

308 3029 442 3080 Pliny,
491 3027 605 3067 Hist.
637 3025 739 3066 Nat.
774 3026 845 3065 lib.
887 3027 958 3066 vii.
1000 3040 1038 3066 c.
1073 3028 1143 3075 48,
1175 3040 1286 3080 says,
1341 3029 1488 3076 cervis,
1520 3029 1563 3067 id
1595 3028 1850 3080 triplicatum
1880 3030 2066 3070 corvis-’⁹
2124 3030 2329 3083 Compare

309 3099 340 3121 “
358 3097 581 3143 Hesiodus,
631 3093 702 3146 qui
747 3094 906 3144 primus
936 3094 1073 3145 aliqua
1110 3095 1161 3134 de
1206 3095 1286 3135 hoc
1343 3097 1429 3136 also
1461 3097 1532 3135 the
1564 3096 1830 3137 Demaundes
1866 3094 2043 3150 Joyous,
2075 3111 2142 3152 ap.
2190 3099 2326 3152 Reliq.

307 3166 505 3217 prodidit,
526 3164 713 3204 fabulose
735 3162 798 3215 (ut
827 3161 937 3212 reor)
967 3163 1100 3202 multa
1129 3163 1179 3203 de
1209 3164 1285 3203 ho·
1338 3154 1491 3215 ''Antiq.
1513 3164 1597 3204 vol.
1617 3164 1662 3203 ii.
1684 3177 1727 3216 p.
1751 3167 1820 3207 75.

306 3235 464 3273 minum
486 3245 572 3273 aevo
593 3232 786 3279 referens,
818 3231 974 3270 cornici
1010 3244 1156 3270 novem
1186 3243 1284 3270 nos·
1396 3232 1424 3280 †
1454 3232 1600 3272 Horat.
1624 3232 1674 3272 de
1695 3233 1796 3275 Arte
1816 3234 1930 3275 Poet.
1952 3248 1990 3276 v.
2012 3239 2054 3276 4.

305 3306 389 3341 tras
434 3301 624 3342 attribuit
671 3304 830 3347 aetates,
874 3299 1151 3351 quadruplum
1200 3299 1286 3349 ejus
