2638 3860
373 408 474 462 Cap.
494 409 564 461 st]
1007 408 1085 444 m:
1127 408 1312 446 Nueis
1349 408 1726 448 cUmAmuM.
2252 400 2354 448 115

350 534 682 600 ultroneum,
720 534 959 605 urbeque
998 536 1184 590 relicta
1224 537 1467 609 decerpsi
1508 537 1653 592 viam
1682 536 1932 592 altissimi
1961 536 2220 604 nemoris,
2245 545 2301 591 et
2325 557 2358 591 a

353 640 513 675 mane
553 623 610 674 in
653 642 933 693 vesperam
977 643 1244 694 nusquam
1286 627 1438 678 frena
1480 627 1648 680 tenui.
1725 627 2000 696 Rapuerat
2041 643 2130 678 me
2172 642 2359 678 cursor

353 726 525 778 equus
552 710 619 761 ad
643 719 825 779 partes
852 711 1240 763 remotissimas
1266 711 1569 782 inopinum,
1597 713 1742 783 quod
1778 721 1843 765 ut
1880 712 2087 765 adverti
2110 711 2359 764 volebam

352 796 567 861 reverti,
595 796 843 865 sensique
870 797 1014 866 quod
1040 816 1190 850 amor
1206 797 1339 849 mihi
1358 807 1571 851 tantum
1591 800 1788 851 fecerat
1807 817 2072 862 errorem3
2111 795 2358 849 amabam

356 882 501 935 enim
528 890 583 934 et
606 901 718 935 non
745 882 962 934 amabar
981 903 996 948 3
1034 883 1356 953 nesciusque
1381 885 1590 937 viarum
1616 885 1684 938 ad
1709 903 1964 955 magnum
1992 892 2047 937 et
2071 881 2357 935 mirificum

357 968 566 1020 delatus
618 987 739 1021 sum
788 976 1043 1022 castrum.
1138 970 1340 1022 Palatia
1373 971 1606 1023 mirabar
1644 971 1786 1024 intra
1835 970 2120 1041 praecelsos
2171 984 2355 1020 muros

356 1054 633 1120 altissima,
674 1055 865 1107 domos
907 1054 1187 1120 eburneaS,
1213 1056 1509 1109 claritatem
1554 1064 1610 1109 et
1646 1057 1919 1109 raritatem
1946 1073 2187 1126 operum.
2242 1053 2362 1105 Aut

354 1140 597 1195 latebant
621 1139 1026 1205 inhabitatoreS,
1047 1148 1141 1192 aut
1164 1141 1299 1193 nulli
1325 1149 1493 1195 erant.
1548 1142 1861 1195 Transitum
1880 1142 1983 1194 feci
2008 1159 2103 1211 per
2119 1138 2360 1192 medium

356 1244 529 1295 usque
554 1233 738 1279 mente
776 1244 999 1279 versans
1045 1227 1190 1296 quod
1231 1227 1496 1294 dolebam,
1542 1237 1598 1281 et
1638 1229 1754 1281 sine
1798 1247 1920 1281 meo
1960 1228 2048 1281 vel
2086 1244 2249 1279 sensu
2271 1223 2360 1276 vel

338 1330 642 1377 consensu,
669 1319 779 1364 tam
806 1312 872 1363 ab
900 1330 1038 1382 equo
1066 1313 1260 1366 ductus
1288 1332 1450 1384 quam
1475 1322 1682 1380 vectUS,
1721 1315 1788 1367 ad
1814 1314 2073 1384 palatium
2101 1312 2161 1365 in
2190 1309 2360 1362 muris

355 1397 720 1462 interioribUS,
766 1397 911 1466 quod
944 1397 1300 1467 praeminebat
1343 1399 1478 1464 aliis,
1523 1418 1657 1452 meae
1681 1400 1907 1454 visionis
1933 1397 2358 1452 illustrissimum

342 1483 634 1554 respiravi,
688 1483 918 1552 respexi,
980 1483 1206 1535 miratus
1267 1502 1405 1550 sum,
1465 1501 1628 1555 eques
1687 1487 1762 1540 ivi
1812 1505 1909 1556 per
1968 1483 2246 1555 palatium,
2308 1487 2364 1532 et

358 1574 631 1624 neminem
657 1569 955 1634 invenienS,
998 1587 1095 1638 per
1137 1570 1434 1623 maximum
1477 1572 1776 1625 thalamum
1810 1581 1866 1626 et
1905 1573 2043 1624 duos
2083 1569 2363 1622 ulteriores

357 1656 579 1709 hortum
622 1655 894 1725 ingressus
935 1656 1346 1725 amplissimum,
1384 1659 1620 1726 puellam
1656 1658 1842 1711 inveni
1880 1658 1980 1710 sub
2019 1652 2364 1709 floridissima

358 1742 499 1808 cin0,
549 1760 730 1811 panno
777 1742 946 1794 serico
990 1742 1236 1811 regaliter
1277 1743 1622 1798 insidentem.
1697 1745 2039 1798 Descendere
2088 1741 2362 1813 parabam,

360 1836 415 1880 et
453 1827 643 1880 debilis
687 1845 798 1897 prae
838 1827 1157 1880 lassitudine
1202 1829 1387 1895 cecidi,
1433 1849 1626 1900 passus
1677 1831 1990 1901 aliquandiu
2033 1846 2254 1881 suavem
2293 1825 2363 1878 ad

354 1913 523 1982 ‚pedes
554 1914 671 1982 ejus
710 1913 957 1966 extasim.
1034 1914 1134 1966 Illa
1157 1932 1287 1967 vero
1319 1916 1469 1968 nullo
1496 1925 1653 1969 motu
1695 1917 2106 1969 similitudinem
2129 1912 2365 1965 habebat

345 1999 592 2053 videntis
642 2007 738 2052 aut
784 2000 1036 2053 viventis,
1138 2001 1357 2054 Surrexi
1406 2002 1685 2073 clipeoque
1745 2022 1869 2056 cum
1931 2003 2086 2054 hasta
2133 1998 2366 2069 rejectiS,

361 2104 540 2138 coram
589 2085 709 2154 ipsa
759 2086 988 2156 supplex
1030 2105 1204 2156 genua
1246 2087 1391 2153 flexi,
1432 2089 1662 2142 salutem
1713 2089 1825 2141 dixi
1873 2087 2190 2159 supplicem.
2268 2084 2369 2136 Illa

362 2171 515 2223 nihil.
588 2171 781 2240 Adjeci
807 2172 1061 2241 quicquid
1094 2191 1417 2241 responsum
1443 2175 1634 2227 mereri
1660 2175 1882 2240 debuit3
1921 2174 2148 2227 verbum
2186 2178 2368 2223 autem

350 2256 431 2309 -ab
458 2275 520 2309 ea
543 2275 656 2309 non
695 2257 914 2322 extorsi,
957 2258 1053 2310 sed
1097 2258 1288 2310 silebat
1326 2260 1497 2312 instar
1550 2261 1834 2330 ymaginis,
1911 2259 2113 2312 Puduit
2136 2276 2224 2310 me
2252 2257 2367 2308 sine

364 2343 518 2412 signo
569 2343 781 2408 reverti,
835 2343 1086 2412 quodque
1138 2345 1292 2396 fateri
1349 2346 1581 2398 dedecus
1634 2354 1734 2411 est,
1777 2347 1951 2415 ipsam
2006 2344 2255 2414 supinam
2305 2349 2368 2394 ut

364 2429 628 2498 primitias
665 2428 888 2498 pudoris
926 2429 1222 2498 acciperem
1247 2430 1502 2484 violentia
1540 2439 1654 2484 tota
1684 2432 1883 2485 violare
1921 2430 2121 2501 paravi.
2199 2428 2369 2481 Cum-

367 2533 471 2584 que
498 2532 554 2566 se
579 2515 718 2566 tueri
743 2531 853 2565 non
879 2521 1067 2582 posset
1091 2514 1371 2580 exclamat,
1412 2516 1630 2568 Rivium
1669 2518 1909 2569 advocat.
1987 2516 2177 2568 Rivius
2202 2514 2368 2566 advo-

363 2601 458 2653 lat.
534 2600 668 2652 Erat
714 2607 895 2652 autem
937 2601 1084 2669 gigas
1133 2601 1389 2653 inauditae
1441 2610 1679 2668 staturae,
1729 2601 2115 2672 magnitudinis
2159 2600 2367 2664 invisae,

368 2687 523 2757 cujus
550 2685 924 2755 congressibus
951 2693 1146 2755 praeter
1170 2686 1450 2739 dominum
1470 2705 1649 2756 regem
1671 2694 1727 2739 et
1748 2687 1988 2751 Sadium,
2015 2686 2168 2738 miles
2190 2685 2367 2738 omnis

366 2773 542 2842 impar
574 2778 811 2823 armatus
857 2771 1011 2823 affuit
1037 2771 1412 2841 competentiae
1455 2791 1584 2838 suae,
1628 2772 1892 2826 caballum
1929 2772 2188 2836 insidenS,
2227 2769 2369 2823 oculi

369 2858 450 2910 sui
500 2875 663 2926 super
722 2857 901 2910 loricae
961 2858 1246 2910 ventacula
1307 2877 1653 2911 accensarum
1717 2859 1918 2911 similes
1978 2857 2367 2927 lampadarum.

367 2941 569 3006 Timui,
607 2943 797 3006 fateor,
836 2950 892 2995 et
922 2942 1130 3007 erubui,
1177 2943 1271 2995 sed
1309 2944 1423 3013 jam
1466 2963 1613 2997 nunc
1651 2963 1751 3014 pro
1792 2943 2090 2997 reverentia
2128 2942 2267 3012 regis
2311 2948 2367 2994 et

370 3026 657 3079 assidentis
683 3027 732 3078 ei
756 3027 1090 3096 principatus
1129 3027 1446 3079 misereatur
1470 3028 1577 3080 mei
1602 3028 1800 3097 regina,
1838 3046 1906 3080 ne
1935 3027 2222 3080 subsecuta
2244 3043 2368 3078 nar-

367 3111 504 3164 ratio
530 3110 664 3162 mihi
688 3110 783 3162 fiat
807 3111 1159 3179 opprobrium
1184 3112 1500 3164 aeternum.''
1576 3113 1694 3165 Rex
1713 3113 1874 3182 igitur
1893 3121 1948 3165 et
1967 3110 2368 3166 circumstantia

370 3204 487 3250 tota
512 3195 876 3249 misericordia
901 3196 1035 3248 moti
1060 3196 1129 3248 ad
1146 3196 1390 3248 lacrimas
1415 3215 1514 3266 pro
1537 3197 1747 3251 Galone
1773 3198 2094 3268 supplicant,
2121 3205 2177 3251 et
2199 3196 2367 3250 invic-

361 3282 633 3336 tissimam
676 3281 941 3352 tygridem
980 3299 1195 3335 movere
1235 3300 1345 3335 non
1389 3291 1639 3353 possunt,
1678 3292 1740 3338 ut
1782 3285 1869 3339 vel
1911 3303 2099 3339 eorum
2136 3283 2367 3353 aliquem
