2638 3860
306 333 410 384 cap.
427 333 505 383 vi.]
921 331 998 366 DE
1042 331 1225 367 Nuols
1268 331 1644 368 oumALmM.
2183 316 2282 374 157

277 473 445 524 risum
472 479 557 523 est
583 488 891 541 possumUS,
917 470 1052 522 nihil
1078 471 1224 540 quod
1250 471 1318 522 ad
1343 471 1663 542 lachrymas,
1708 471 1797 524 Ex
1821 470 1926 523 illis
1943 470 2089 523 enim
2115 471 2287 523 exuli-

276 559 379 610 bus
425 558 544 611 coeli
571 577 710 622 sum,
738 557 829 627 qui
876 557 991 610 sine
1035 557 1369 627 coadjutorio
1407 558 1495 611 vel
1520 576 1789 611 consensu
1833 557 2005 627 culpae
2050 556 2287 610 Luciferi

277 645 398 714 vagi
423 653 551 714 post
578 645 814 695 fautores
851 644 1114 696 scelerum
1135 644 1280 697 fatue
1309 644 1665 697 ferebamur.*
1741 645 1896 699 Quos
1924 644 1970 696 si
1996 643 2179 713 dejicit
2203 643 2288 695 in-

283 732 475 802 dignos
502 732 637 784 coelo
666 730 940 783 Dominus
966 730 1271 800 indignans,
1293 731 1708 785 misericorditer
1733 739 1914 785 tamen
1941 738 2059 784 tum
2084 731 2142 782 in
2168 748 2289 783 vas-

281 818 436 870 titate
476 816 785 869 solitudinis
830 823 949 867 tum
992 816 1050 867 in
1090 816 1224 868 locis
1265 816 1614 869 habitationis
1658 835 1758 887 pro
1804 816 2060 886 qualitate
2104 815 2289 869 delicti

282 903 462 972 puniri
505 901 787 972 permittit.
863 902 982 954 Nos
1021 902 1320 972 antiquitus
1346 903 1536 972 populi
1574 903 1786 972 decepti
1812 902 1993 955 dixere
2021 901 2289 955 semideos

283 995 377 1039 aut
404 987 689 1051 semideaS,
715 1004 816 1055 pro
841 987 1015 1038 forma
1042 986 1281 1056 corporis
1307 986 1573 1056 assumpti
1591 987 1678 1040 vel
1694 987 2044 1056 apparitionis
2067 987 2291 1040 nomina

283 1080 548 1142 ponentes
576 1071 861 1124 discretiva
888 1089 1067 1124 sexus
1143 1072 1230 1124 Ex
1255 1071 1387 1124 locis
1414 1080 1595 1125 autem
1621 1072 1888 1125 incolatus
1905 1073 1988 1126 vel
2011 1073 2289 1142 permissis

285 1159 473 1211 officiis
501 1158 809 1210 distinctius
837 1157 1172 1226 appellamur
1212 1158 1548 1223 Monticolae,
1577 1159 1798 1223 Silvani,
1826 1160 2092 1230 Dryades,
2120 1160 2291 1212 Orea-

285 1246 399 1309 deS,
428 1245 619 1309 Fauni,
647 1244 843 1315 Satyri,
883 1244 1136 1308 NaiadeS,
1177 1244 1373 1314 quibus
1419 1264 1486 1298 ex
1531 1264 1719 1298 eorum
1763 1247 2111 1317 impositione
2154 1265 2291 1316 prae-

292 1339 420 1383 sunt
449 1331 632 1396 CereS,
652 1330 917 1395 BacchUS,
941 1331 1071 1395 Pan,
1095 1331 1340 1400 PriapUS,
1361 1339 1414 1384 et
1443 1332 1623 1385 PaleS..
1655 1333 2044 1385 Verumtamen
2072 1351 2191 1402 quae
2210 1333 2288 1385 vi-

286 1417 464 1468 dimus
500 1416 567 1468 ab
608 1416 764 1468 initio
801 1415 1130 1468 notavimus,
1207 1416 1350 1470 Quia
1389 1435 1645 1469 concessa
1685 1418 1841 1470 nobis
1883 1437 1914 1470 a
1952 1419 2072 1470 Deo
2111 1436 2289 1471 rerum

287 1503 623 1572 cognitarum
649 1501 998 1572 experientia,
1025 1502 1282 1554 docemur
1318 1502 1589 1568 astutiam,
1618 1510 1672 1555 et
1697 1521 1768 1554 ex
1793 1503 2078 1573 praeteritis
2104 1505 2286 1557 futura

288 1590 573 1659 conjicere,
610 1588 900 1659 praesentia
950 1606 1182 1658 quoque,
1222 1588 1363 1640 sicut
1406 1589 1627 1658 spiritus
1668 1589 1976 1660 ubicunque
2021 1609 2293 1643 moramur

287 1683 382 1727 aut
432 1694 755 1745 quocunque
794 1682 1055 1727 terrarum
1101 1675 1472 1727 transferimur
1511 1675 1689 1728 metiri
1732 1676 2030 1730 certissime
2070 1677 2294 1741 scimus,

287 1760 593 1830 nostrisque
620 1759 816 1812 deditis
858 1767 913 1812 et
958 1760 1225 1828 susceptis
1269 1760 1447 1829 palam
1485 1761 1658 1814 facere
1684 1779 1950 1826 curamUS,
1978 1769 2042 1814 ut
2066 1761 2294 1831 proinde

289 1854 462 1898 status
504 1846 747 1898 omnium
772 1845 1057 1898 hominum
1086 1845 1402 1898 manifestos
1428 1846 1681 1910 habeant,
1707 1846 2026 1916 possintque
2053 1848 2099 1898 si
2123 1848 2294 1901 velint

288 1932 343 1984 in
370 1932 615 1985 incautos
642 1932 938 2002 irrumpere
967 1931 1151 1996 subiti,
1176 1931 1467 2000 paucisque
1495 1931 1759 2001 surripere
1791 1932 2215 1998 multitudinem,
2243 1941 2298 1987 et

290 2027 432 2071 totas
459 2026 685 2071 tractare
722 2036 821 2087 pro
848 2025 976 2070 voto
1011 2016 1332 2087 provinciaS,
1358 2034 1457 2070 nec
1483 2017 1641 2069 nobis
1667 2017 1926 2071 interesse
1951 2018 2076 2071 licet
2103 2019 2148 2070 si
2174 2038 2300 2088 pro-

290 2106 414 2156 fana
485 2103 805 2173 peregerint.
908 2101 1258 2154 Manifestare
1320 2120 1614 2171 possumus
1677 2103 1773 2167 eiS,
1831 2103 1936 2172 ipsi
1999 2106 2297 2157 secundum

292 2190 437 2259 quod
465 2197 594 2240 sunt
619 2189 942 2241 miserentur
967 2196 1060 2240 aut
1085 2188 1339 2257 perdunt.
1413 2189 1490 2240 At
1514 2196 1575 2239 tu
1600 2206 1700 2240 nos
1738 2207 1805 2242 ex
1841 2189 2103 2242 librorum
2138 2191 2298 2244 times

295 2275 597 2339 sententiiS,
637 2293 760 2327 cum
799 2292 910 2326 non
958 2273 1125 2325 simus
1165 2292 1230 2326 ex
1281 2274 1365 2325 his
1406 2274 1499 2343 qui
1536 2274 1711 2326 caveri
1762 2275 2040 2328 docentur.
2118 2277 2297 2330 Immo

295 2369 436 2413 certe
480 2379 602 2413 meo
648 2361 979 2430 fratrumque
1023 2377 1267 2426 meorum
1311 2359 1535 2412 consilio
1575 2367 1669 2411 tua
1722 2360 2024 2430 sperabitur
2066 2381 2097 2413 a
2137 2380 2300 2415 vena-

295 2446 502 2498 toribus
529 2446 827 2498 animarum
855 2445 1111 2510 conditio,
1139 2446 1461 2515 fatalemque
1487 2446 1587 2498 tibi
1621 2446 2116 2516 praenunciabimus
2138 2449 2298 2515 diem,

294 2550 362 2584 ne
389 2533 534 2602 quod
558 2532 663 2602 ipsi
690 2532 917 2602 cupiunt
954 2531 1261 2583 obdormias
1287 2531 1343 2583 in
1370 2539 1619 2584 mortem.
1696 2532 2122 2586 Praevidebimus
2154 2534 2299 2588 enim

295 2618 393 2670 tibi
415 2637 512 2688 pro
542 2618 715 2670 salute
742 2626 836 2670 tua
862 2617 1003 2669 diem
1031 2625 1206 2682 tuum,
1249 2624 1314 2669 ut
1356 2617 1533 2687 possis
1564 2617 1716 2669 illum
1754 2618 2073 2687 poenitentia
2098 2637 2302 2688 praeve-

295 2706 428 2758 nire.
505 2705 622 2757 Nec
661 2705 923 2768 fallemur,
951 2703 1195 2755 omnium
1222 2703 1366 2755 enim
1391 2722 1569 2756 rerum
1597 2705 1982 2774 experientiam
2017 2706 2301 2765 didicimus

297 2798 409 2841 tam
440 2789 671 2841 coelestis
712 2808 873 2858 quam
912 2796 1155 2852 terrenae,
1199 2787 1448 2857 peritiam
1488 2789 1726 2858 physicae
1771 2789 1973 2842 scilicet
2018 2798 2302 2857 astrorum,

300 2874 619 2943 specierum,
636 2874 941 2939 herbarum,
961 2874 1221 2944 lapidum,
1243 2881 1298 2926 et
1321 2873 1590 2943 lignorum
1617 2875 1884 2940 notitiam,
1906 2894 2198 2945 causasque
2223 2895 2305 2929 re-

352 3043 377 3067 *
406 3043 449 3081 It
467 3055 548 3081 was
568 3056 591 3081 a
611 3042 820 3093 prevalent
840 3042 1108 3093 superstition
1128 3046 1171 3081 at
1191 3042 1275 3081 this
1331 3042 1402 3081 the
1418 3042 1536 3081 other
1553 3042 1738 3082 demons.
1773 3043 1937 3082 Several
1956 3044 2144 3095 amusing
2160 3045 2306 3085 stories

298 3111 438 3161 period
459 3111 547 3149 that
567 3123 590 3148 a
608 3113 699 3161 part
728 3109 776 3148 of
805 3110 875 3149 the
906 3110 1060 3160 Angels
1092 3110 1183 3148 who
1205 3110 1275 3148 fell
1329 3110 1575 3149 illustrative
1615 3110 1663 3149 of
1709 3110 1792 3150 this
1832 3112 2095 3162 superstition
2128 3113 2212 3151 will
2255 3113 2306 3152 be

298 3180 397 3218 with
418 3179 584 3218 Lucifer
603 3179 768 3217 became
787 3178 1045 3229 hobgoblins,
1066 3179 1155 3216 who
1170 3189 1272 3216 were
1329 3177 1458 3215 found
1478 3178 1521 3215 in
1542 3178 1613 3216 the
1645 3177 1906 3218 Itinerarium
1937 3179 2137 3219 Cambriae
2158 3181 2205 3220 of
2230 3181 2305 3220 Gi-

301 3247 534 3298 constantly
554 3246 753 3297 occupied
770 3247 812 3284 in
828 3247 993 3297 playing
1011 3247 1139 3285 tricks
1158 3257 1271 3296 upon
1328 3244 1465 3284 raldus
1506 3245 1783 3292 Cambrensis,
1823 3247 1903 3285 and
1955 3247 1997 3286 in
2035 3248 2216 3287 William
2265 3249 2312 3288 of

301 3316 508 3362 mankind,
530 3315 604 3354 but
624 3315 712 3353 who
734 3327 836 3354 were
858 3319 930 3353 not
951 3315 1177 3365 malignant
1190 3313 1271 3352 like
1328 3313 1570 3365 Newbury’s
1586 3315 1757 3365 history.
