2638 3860
371 476 475 524 120
1046 484 1357 520 GUAL'rEm
1397 482 1597 519 MAPES
1692 492 1696 494 >
2017 482 2216 534 [Distinc.
2239 481 2333 521 111.—

363 614 512 684 virgo
561 630 680 683 quae
729 610 952 663 Galonis
1006 610 1215 663 laeserat
1267 610 1326 662 in
1377 627 1469 662 ore
1518 607 1800 677 virginem,
1851 624 1919 660 eo
1971 625 2078 676 quo
2125 607 2355 676 praevisa-

361 700 533 752 fuerat
578 697 758 749 modo·
852 695 1017 764 Gigas
1078 695 1242 764 igitur
1296 700 1532 746 armatus
1590 692 1877 762 egreditur,
1932 691 2001 743 ad
2049 692 2202 761 cujus
2249 691 2351 743 im-

359 783 697 837 mensitatem
747 779 1006 849 expalluit
1064 786 1180 832 tota
1228 797 1426 832 corona
1474 777 1708 848 generali
1755 776 1978 847 gemitu,
2025 794 2209 829 veram
2257 777 2351 828 ad-

357 867 691 920 mirationem
739 865 999 919 confessa.
1076 865 1241 934 Gigas
1289 864 1490 917 insidet
1537 882 1675 934 equo
1726 862 1961 915 maximo
2010 868 2164 914 tanto
2212 879 2351 931 pon-
2385 882 2388 885 ’

355 952 466 1005 deri
506 952 633 1004 satis
677 958 822 1021 apt0,
861 951 1124 1020 factisque
1169 949 1500 1003 discursibus
1545 957 1601 1002 et
1638 948 1766 1018 giris
1807 945 2089 1000 exacerbat
2114 965 2256 1010 eum,
2295 954 2352 998 et

353 1039 586 1091 futuram
612 1037 800 1090 edocet
824 1036 1218 1102 necessitatem,
1260 1043 1316 1088 et
1358 1034 1511 1104 quasi
1548 1033 1760 1086 lusibus
1801 1033 1869 1084 ad
1912 1031 2048 1084 seria
2083 1039 2350 1101 praeparat

350 1122 610 1192 proxima.
703 1122 1025 1192 Quicunque
1074 1121 1261 1174 vident
1309 1121 1572 1173 mirantur
1621 1127 1676 1172 et
1724 1125 1995 1183 metuunt,
2065 1124 2121 1170 et
2188 1135 2350 1187 super

351 1208 572 1261 Sadium
607 1208 789 1260 levant
825 1208 1109 1272 ululatum,
1153 1214 1208 1260 et
1244 1213 1444 1276 quanto
1477 1211 1875 1275 persequuntur
1899 1204 2080 1257 favore
2125 1203 2348 1256 Sadium

348 1301 501 1347 tanto
537 1300 932 1364 persequuntur
960 1293 1226 1345 Galonem
1252 1292 1393 1345 odio.
1468 1291 1716 1343 Audiunt
1753 1290 1861 1360 ipsi
1898 1308 1998 1343 nec
2041 1297 2347 1356 moventur,

350 1380 446 1432 sed
470 1386 638 1448 agunt
661 1379 801 1431 inter
825 1378 1009 1431 laudes
1035 1386 1090 1430 et
1115 1377 1349 1431 convitia
1373 1377 1603 1429 fideliter
1623 1376 1833 1441 SadiuS,
1852 1375 2170 1428 fiducialiter
2188 1375 2345 1427 Gale.

352 1464 517 1534 Gigas
542 1464 703 1534 igitur
725 1464 783 1516 in
812 1463 1078 1516 Galonem
1102 1463 1258 1515 irruit
1283 1462 1522 1527 obvium,
1549 1461 1773 1516 diversis
1801 1479 1858 1513 se
1895 1469 2091 1531 petunt
2110 1461 2307 1514 ictibus
2326 1481 2344 1527 3

346 1550 492 1619 gigas
511 1550 733 1602 fractam
748 1549 944 1619 linquit
961 1549 1017 1601 in
1040 1556 1194 1602 scuto
1214 1548 1439 1601 Galonis
1457 1549 1716 1612 lanceam,
1738 1547 1877 1600 Galo
1893 1547 2123 1617 gigantis
2143 1565 2346 1617 equum

346 1654 378 1687 a
401 1636 576 1687 fronte
602 1635 816 1687 consuit
840 1635 896 1686 in
922 1652 1119 1699 armOS,
1145 1641 1200 1686 et
1222 1641 1514 1704 utrumque
1540 1634 1616 1686 sic
1642 1633 1842 1703 dejicit.
1930 1633 2137 1686 Videns
2180 1633 2345 1702 igitur

344 1720 391 1772 is
433 1720 612 1790 ipsum
652 1738 775 1772 cum
815 1738 952 1790 equo
996 1720 1156 1772 simul
1196 1719 1468 1785 obrutum,
1507 1727 1765 1789 tanquam
1799 1719 1966 1771 ardua
2010 1737 2235 1788 quercus
2274 1718 2342 1771 ab

342 1806 532 1858 ultimo
560 1805 758 1858 securis
787 1805 900 1859 ictu
926 1811 1282 1869 corruentem,
1317 1804 1409 1870 ait,
1435 1806 1473 1834 ‘⁶
1494 1804 1636 1859 Quia
1665 1803 1932 1856 Galonem
1956 1803 2014 1855 in
2040 1811 2134 1856 tua
2158 1811 2343 1873 potes-

342 1897 451 1944 tate
477 1891 831 1944 constitutum
857 1891 1048 1943 armari
1072 1890 1384 1960 permisisti,
1421 1908 1492 1942 ne
1517 1889 1617 1942 tibi
1642 1890 1782 1942 foret
1805 1889 1979 1959 impar
1999 1908 2123 1942 cum
2148 1890 2341 1942 inermi

342 1976 666 2045 congressiO,
693 1977 979 2041 descendo,
1005 1995 1074 2028 ne
1100 1976 1233 2028 mihi
1257 1976 1371 2028 fiati
1395 1976 1638 2045 naequale
1664 1994 1787 2028 cum
1824 1976 2005 2045 pedite
2045 1976 2338 2028 duellum.''

341 2062 655 2125 Descendit,
681 2069 975 2131 exsurgunt
1009 2062 1238 2131 pediteS,
1276 2069 1331 2114 et
1366 2061 1423 2113 in
1460 2062 1774 2114 alterutrum
1800 2062 2010 2114 fortiter
2033 2061 2338 2130 insurgunt.

342 2148 460 2199 Rex
497 2147 668 2199 multo
694 2146 936 2215 deplorat
976 2147 1181 2216 gemitu
1216 2154 1490 2217 nepotem,
1528 2147 1620 2216 qui
1661 2147 1812 2199 nullo
1851 2146 2039 2200 subest
2079 2147 2336 2217 periculo,

343 2232 548 2301 Regina
574 2232 720 2284 Sadii
760 2232 852 2284 dat
889 2232 946 2284 in
971 2233 1183 2286 vultum
1210 2232 1461 2297 convitia,
1501 2232 1792 2302 multisque
1828 2233 2026 2285 lacerat
2056 2232 2336 2285 absentem

341 2317 660 2388 opprobriis,
735 2317 927 2370 Sadius
971 2336 1090 2371 eam
1116 2318 1290 2388 decipi
1314 2319 1529 2388 gaudet,
1555 2337 1679 2370 cum
1705 2317 1917 2371 silentio
1950 2318 2243 2383 sustinenS,
2281 2326 2337 2371 et

338 2409 402 2453 ut
426 2402 653 2470 amplius
678 2401 916 2455 invideat
952 2421 1169 2456 aversus
1195 2402 1261 2455 ab
1294 2403 1413 2472 ipsa
1450 2421 1610 2472 quam
1636 2402 1900 2455 consolari
1936 2409 2170 2472 coeperat
2207 2422 2336 2473 qua-

338 2496 495 2541 tenus
522 2488 679 2540 datur
692 2495 933 2541 amanter
951 2489 1164 2542 excolit.
1240 2489 1447 2558 Regina
1461 2489 1610 2541 videt
1626 2496 1681 2541 et
1699 2488 1906 2542 invidet
1924 2489 2070 2541 illam
2090 2489 2333 2554 electam,

337 2592 394 2626 se
421 2582 653 2643 spretam
679 2575 958 2640 arbitrans,
997 2575 1178 2645 iraque
1207 2593 1465 2628 succensa
1499 2574 1701 2644 duplici
1738 2574 1977 2644 duplicat
2010 2582 2065 2627 et
2097 2574 2333 2643 triplicat

335 2659 547 2728 utrique
565 2660 722 2712 rixas.
764 2660 1036 2714 Quociens
1053 2659 1253 2729 aliquid
1274 2659 1477 2711 sinistri
1495 2658 1693 2711 Galoni
1712 2676 1867 2711 casus
1893 2659 2065 2723 affert,
2087 2660 2330 2712 omnium

336 2751 721 2796 convertuntur
756 2744 814 2796 in
854 2744 1075 2796 Sadium
1109 2744 1267 2796 oculi.
1345 2743 1627 2812 Cogitatur
1664 2750 1720 2795 et
1750 2743 1944 2795 dicitur
1976 2743 2033 2795 in
2062 2743 2329 2796 Galonem

337 2828 611 2893 detractiO,
631 2829 726 2881 sed
743 2829 800 2881 in
822 2829 1043 2881 Sadium
1058 2828 1121 2880 fit
1139 2828 1486 2881 detractionis
1503 2827 1760 2880 ostensio,
1800 2828 2110 2880 Secundum
2129 2829 2328 2881 formas

334 2912 647 2965 bellantium
694 2913 907 2966 videtur
953 2912 1231 2982 inaequalis
1273 2911 1596 2981 congressiO,
1636 2912 1931 2964 secundum
1973 2912 2111 2964 ictus
2167 2913 2328 2982 plena

334 2996 598 3051 indicatur
645 2998 921 3067 aequalitas
969 3006 1026 3050 et
1073 2996 1295 3049 minoris
1357 2996 1527 3065 major
1588 2995 1823 3049 audacia.
1899 2998 2210 3051 Retrocedit
2260 3017 2328 3052 ex

333 3082 594 3135 industria
618 3083 781 3152 gigaS,
807 3091 869 3135 ut
907 3083 1158 3135 irruentis
1200 3083 1465 3151 impetum
1505 3089 1722 3150 quasset
1766 3081 1991 3151 inopino
2037 3083 2324 3154 subitoque

333 3169 567 3235 repulsu,
595 3169 688 3221 sed
713 3176 824 3220 tam
849 3187 1036 3238 prope,
1079 3178 1190 3220 tam
1234 3167 1425 3220 acriter
1460 3167 1629 3220 instat
1656 3167 1813 3233 Gale,
1858 3175 1971 3221 tam
2002 3168 2324 3236 indefessus,

334 3258 397 3302 ut
422 3252 638 3305 omnino
678 3253 824 3322 gigas
864 3271 895 3305 a
938 3271 1034 3322 spe
1073 3253 1368 3316 fraudetur,
1408 3260 1463 3305 et
1501 3259 1565 3305 ut
1602 3254 1728 3323 fuga
1765 3261 2061 3323 spontanea
2090 3256 2204 3324 jam
2227 3256 2324 3308 fiat

334 3336 646 3400 necessaria,
666 3338 778 3405 jam
802 3338 859 3389 in
886 3339 1070 3390 amicae
1100 3355 1210 3389 suae
1235 3344 1418 3406 tapeto
1444 3336 1674 3402 vacillat,
1694 3344 1750 3390 et
1772 3337 1952 3407 ipsum
1975 3338 2113 3392 Galo
2132 3356 2324 3407 repen-

334 3417 450 3470 tino
475 3427 670 3471 conatu
692 3421 943 3489 propellit
980 3428 1043 3473 ut
1082 3421 1151 3473 ad
1174 3421 1320 3473 illam
1358 3421 1504 3490 gigas
1539 3422 1647 3474 talo
1678 3423 1917 3476 offendat
1941 3430 1997 3476 et
2035 3423 2174 3474 ultra
2204 3440 2321 3475 cor-

330 3509 467 3554 ruat.
562 3502 775 3557 Clamor
811 3504 938 3558 hinc
979 3505 1258 3571 attollitur,
1316 3504 1464 3558 illinc
1505 3505 1770 3560 submisse
1809 3514 2034 3575 gemunt
2077 3497 2322 3576 suspiria,
