2638 3860
353 443 453 489 106
956 480 959 482 .
1061 448 1372 484 GUALTERI
1413 447 1614 483 MAPEs
2020 446 2224 497 [Distinc.
2248 447 2309 486 ΙΙ.

348 578 615 631 orationes
642 583 696 630 et
715 576 1066 644 eleemosynae
1091 572 1330 626 fidelium
1355 573 1689 642 profuerunt,
1707 576 1769 622 ut
1785 569 1919 622 mihi
1941 569 2099 624 liceat
2124 571 2340 624 absolu-

345 666 547 717 tionem
572 662 804 732 petere.”
877 659 1177 712 Absolutus
1203 659 1365 727 igitur
1405 676 1527 710 cum
1566 674 1760 726 magna
1797 656 2091 709 multorum
2123 675 2338 728 proces-

345 751 493 802 sione
519 766 687 816 usque
708 748 775 798 ad
794 748 1003 799 foveam
1019 746 1241 798 veniens
1261 745 1467 810 incidit,
1487 763 1606 814 quae
1628 751 1821 814 sponte
1839 762 2000 814 super
2015 763 2139 798 eum
2158 748 2338 800 clausa

344 842 441 887 est.
503 834 693 886 Novus
718 832 805 885 hic
831 851 984 885 casus
1009 850 1207 884 novam
1234 831 1428 885 divinae
1453 829 1661 900 paginae
1688 829 2111 899 disputationem
2135 832 2336 886 intulit.

857 977 940 1027 De
965 975 1271 1044 quibusdam
1285 975 1598 1042 proverbiis.
1672 972 1819 1027 xxxi.

414 1088 577 1141 Miles
613 1087 847 1158 quidam,
886 1087 1254 1141 haereditarius
1296 1087 1535 1140 Franciae
1578 1087 1921 1152 senescaUUS,
1962 1088 2226 1141 decedens
2266 1089 2343 1142 ait

341 1174 451 1227 filio
478 1193 596 1239 suc,
634 1177 669 1204 “
686 1174 790 1226 Fili
814 1174 1110 1239 karissime,
1151 1192 1247 1243 per
1279 1173 1505 1243 gratiam
1542 1172 1650 1225 Dei
1674 1180 1855 1242 gratus
1882 1191 1939 1225 es
1965 1174 2250 1240 universiS‚
2287 1183 2343 1228 et

340 1261 610 1313 Dominus
636 1268 816 1313 tecum
843 1268 925 1312 est
949 1260 1249 1312 manifeste.
1324 1260 1489 1311 Nunc
1514 1266 1694 1310 autem
1719 1258 1836 1310 haec
1861 1259 2050 1311 ultima
2073 1269 2342 1330 praecepta

339 1365 459 1399 mea
485 1364 767 1398 conserves
792 1364 889 1415 pro
918 1346 1087 1398 salute
1113 1353 1206 1397 tua
1229 1345 1482 1413 bonoque
1518 1351 1661 1396 statu
1695 1362 1941 1414 personae
1982 1353 2090 1398 tuae
2133 1365 2340 1399 rerum-

340 1449 461 1500 que,
478 1438 532 1482 et
556 1437 618 1481 ut
641 1448 897 1499 prospero
922 1431 1190 1499 gaudeant
1214 1430 1362 1482 exitu
1387 1437 1561 1499 coepta
1586 1437 1697 1482 tua.
1772 1431 1902 1482 Non
1918 1430 2169 1483 liberabis
2183 1433 2336 1501 justo

341 1518 758 1569 condemnatum
818 1516 1021 1585 judicio
1042 1537 1058 1581 ;
1115 1534 1226 1568 non
1269 1515 1423 1567 bibes
1468 1534 1661 1585 aquam
1702 1523 1941 1569 veterem
1986 1536 2105 1586 quae
2151 1518 2218 1569 de
2277 1535 2335 1570 se

336 1602 511 1654 rivum
532 1620 640 1653 non
663 1602 820 1665 facit3
858 1620 969 1653 non
986 1593 1243 1653 exaltabis
1265 1618 1511 1665 servum3
1549 1619 1660 1653 non
1679 1600 1842 1654 duces
1861 1601 2027 1653 filiam
2047 1602 2302 1655 adulterae
2322 1623 2338 1667 3

336 1706 447 1739 non
474 1688 654 1739 credes
680 1688 798 1739 rufo
825 1687 1102 1756 ignobili.''
1178 1687 1345 1738 Filius
1372 1687 1535 1756 igitur
1567 1694 1719 1756 patre
1759 1687 1971 1757 sepulto
1999 1695 2283 1758 susceptus
2309 1708 2340 1740 a

335 1791 456 1842 rege
481 1773 537 1824 in
562 1774 931 1826 haereditatem
965 1773 1323 1842 officiumque,
1357 1773 1594 1843 primum
1632 1780 1815 1843 gratus
1841 1773 1947 1842 ipsi
1971 1774 2083 1843 regi
2108 1775 2210 1827 toti
2235 1775 2339 1827 fuit

337 1867 585 1928 acceptus
615 1860 872 1924 Franciae,
913 1867 1027 1911 erat
1068 1860 1212 1911 enim
1238 1859 1319 1912 vir
1342 1866 1658 1911 mansuetus
1686 1866 1741 1911 et
1766 1859 1981 1928 sapiens
2012 1868 2067 1912 et
2102 1860 2241 1913 bene
2281 1879 2337 1913 se

336 1945 675 1996 conformans
700 1945 967 1997 bonorum
997 1945 1251 1997 moribuS.
1329 1945 1519 1997 Minus
1540 1953 1721 1997 tamen
1742 1945 1880 1998 circa
1898 1945 2066 2014 patris
2094 1946 2177 1997 sui
2201 1964 2338 2015 prae-

337 2036 492 2096 cepta
535 2028 778 2097 diligens,
816 2047 1040 2080 uxorem
1079 2029 1233 2081 duxit
1270 2029 1437 2081 filiam
1482 2030 1754 2095 adulterae,
1800 2048 2118 2099 servumque
2156 2032 2337 2083 rufum

335 2113 539 2165 habens
577 2114 790 2182 graculo
818 2114 1072 2166 esurienti
1099 2114 1346 2181 similem,
1371 2123 1555 2167 notata
1596 2115 1765 2185 ipsius
1812 2116 2189 2182 sollicitudine,
2217 2118 2335 2170 dili-

335 2198 514 2265 gentia
539 2199 827 2268 rapidaque
853 2200 1191 2268 negotiorum
1215 2201 1489 2266 instantia,
1517 2219 1574 2253 se
1599 2202 1809 2254 felicem
1825 2202 1881 2253 in
1907 2203 2023 2271 ejus
2050 2202 2336 2256 arbitratur

336 2284 588 2349 adventU,
614 2285 813 2354 pariter
838 2304 960 2338 cum
985 2286 1104 2354 ipso
1132 2286 1237 2339 Dei
1262 2287 1330 2339 ad
1357 2305 1413 2339 se
1433 2287 1868 2340 benedictionem
1893 2288 2225 2358 ingressam3
2251 2290 2336 2359 ip-

336 2386 454 2419 sum
497 2368 659 2437 igitur
700 2376 811 2422 tam
852 2370 1065 2423 familiae
1111 2389 1271 2440 quam
1314 2372 1556 2442 pecuniae
1602 2391 1764 2443 quam
1806 2373 2070 2428 universis
2110 2375 2336 2445 praeficit

333 2452 511 2506 rebus,

867 2601 1137 2653 Conclusio
1153 2603 1563 2668 praemissorum.
1638 2603 1803 2657 xxxii.

407 2709 608 2762 Silvam
633 2709 788 2763 vobis
815 2718 871 2764 et
907 2713 1203 2779 materiam,
1247 2734 1359 2767 non
1397 2716 1516 2768 dico
1555 2717 1875 2782 fabularum,
1920 2717 2014 2768 sed
2053 2716 2333 2782 faminum,

335 2812 577 2864 appono:
618 2798 868 2849 tractatui
895 2799 1094 2850 etenim
1126 2818 1436 2853 sermonum
1474 2821 1584 2855 non
1621 2803 1865 2867 intendO,
1885 2821 1985 2855 nec
2012 2803 2057 2854 si
2084 2803 2332 2855 studeam

337 2898 664 2950 consequar3
729 2883 923 2952 singuli
971 2884 1197 2937 lectores
1247 2887 1550 2956 appositam
1594 2889 1884 2941 ruditatem
1922 2889 2230 2959 exculpant,
2271 2898 2333 2941 ut

336 2982 518 3018 eorum
544 2967 809 3020 industria
842 2968 985 3021 bona
1021 2970 1153 3022 facie
1193 2971 1417 3040 prodeat
1441 2971 1495 3023 in
1522 2973 1815 3042 publicum.
1891 2974 2130 3027 Venator
2153 2982 2333 3029 vester

337 3067 473 3117 sum,
498 3052 634 3105 feras
658 3053 814 3106 vobis
840 3054 1021 3120 affero,
1046 3055 1245 3108 fercula
1270 3057 1493 3110 faciatis·

608 3226 847 3291 Eoeplz'cit
873 3227 1138 3281 distinctio
1164 3231 1387 3283 secunda
1412 3232 1692 3299 Nuyarum
1723 3232 2029 3284 Curialium.
