2638 3860
353 373 421 422 28
1064 384 1375 421 onAmsm
1415 383 1615 420 MAPEs
2048 386 2246 436 [Distinc.
2269 385 2304 424 1.

355 509 393 561 J
396 507 619 561 ohannis
664 510 729 562 de
773 508 1068 572 Moriana,*
1110 507 1423 577 propagavit
1465 525 1532 559 ex
1572 525 1629 559 se
1674 506 1960 560 Chartusia
2003 510 2226 561 domum
2266 509 2334 560 ad

356 591 639 661 imaginem
700 612 869 657 suam,
930 610 1047 661 quae
1096 590 1403 659 cupiditatis
1451 590 1713 642 instinctu
1763 590 2035 644 diabolum
2087 611 2333 662 sequenS,

357 677 659 729 amoenitate
683 695 1003 746 pascuorum
1028 684 1083 728 et
1106 675 1348 727 ubertate
1374 682 1575 738 notata,
1595 692 1815 726 censum
1834 693 1900 727 ex
1926 677 2336 746 quibuscunque

355 761 535 828 potuit
558 761 880 812 amarissime
906 760 1133 829 collegit,
1159 767 1214 810 et
1237 759 1292 810 in
1319 758 1561 809 ardorem
1587 757 1837 822 avaritiae,
1869 759 2086 812 caritate
2113 769 2336 822 mutata,

354 842 598 912 locuplex
621 845 838 913 pessimi
880 843 1143 913 propositi
1186 842 1401 911 penitus
1444 841 1667 910 implere
1709 858 1821 892 non
1863 842 2069 893 destitit
2087 864 2102 907 3
2140 843 2340 896 invasit

353 927 556 979 vicinos
582 929 855 993 terminOS,
881 929 1079 997 aliquid
1103 927 1340 995 undique
1365 926 1645 996 vigilanter
1669 927 1976 995 exculpenS,
1997 935 2115 979 tum
2139 927 2195 980 vi
2220 936 2339 980 tum

354 1014 495 1064 furto
522 1030 836 1082 quocunque
861 1012 1023 1064 modo
1061 1030 1175 1065 rem
1200 1012 1416 1074 faciem,
1451 1011 1700 1080 quodque
1727 1019 1917 1064 venter
1940 1013 2120 1081 potuit
2144 1013 2340 1064 modus

356 1098 550 1167 potuit,
576 1105 631 1150 et
655 1097 910 1167 praecavit
934 1115 1144 1149 census,
1221 1097 1493 1165 Castigata
1535 1097 1839 1165 frequenter
1881 1116 1912 1148 a
1953 1097 2130 1165 priore
2173 1096 2342 1148 Char-

357 1182 531 1247 tusiae,
557 1182 852 1251 deindeque
876 1182 1143 1250 fustigata,
1168 1200 1279 1233 non
1315 1182 1538 1246 abstitit,
1566 1182 1661 1233 sed
1685 1181 1997 1250 inpinguata
2024 1182 2241 1234 dilatata
2259 1200 2342 1234 re-

360 1267 664 1330 calcitravit,
689 1266 924 1330 recessit,
950 1273 1005 1317 et
1029 1265 1130 1317 sibi
1156 1265 1384 1317 similem
1410 1273 1635 1316 matrem
1671 1265 1891 1316 domum
1929 1265 2342 1318 Cisterciensem

361 1350 655 1415 advocavit,
681 1370 798 1420 quae
825 1350 926 1402 sibi
949 1350 1153 1405 viscera
1189 1349 1548 1418 cupidissimae
1574 1349 1806 1401 caritatis
1833 1350 2057 1418 aperuit,
2084 1358 2139 1402 et
2163 1351 2219 1402 in
2262 1351 2344 1402 in-

353 1433 549 1503 juriam
572 1435 763 1503 prioris
788 1434 970 1486 matris
995 1434 1051 1486 in
1078 1434 1361 1503 specialem
1385 1433 1549 1485 filiam
1573 1433 1865 1502 adoptavit,
1910 1453 2179 1503 manuque
2217 1435 2346 1487 forti

359 1518 620 1570 violenter
645 1518 867 1571 obtinet.

801 1685 890 1735 De
914 1685 1111 1752 oriyine
1140 1685 1698 1738 Grandimontensz'um.
1771 1683 1899 1737 xvii.

437 1793 950 1847 Grandimontenses
994 1815 1025 1847 a
1066 1797 1456 1848 Grandimonte
1501 1795 1827 1864 Burgundiae
1847 1802 1881 1858 †
1906 1795 2229 1866 principium
2254 1797 2349 1848 ha-

360 1877 592 1930 buerunt
616 1898 646 1929 a
673 1879 963 1948 StephanO,
989 1881 1079 1948 qui
1105 1881 1292 1932 statuit
1316 1881 1392 1932 eis
1430 1887 1493 1931 ut
1532 1887 1792 1947 quantum
1831 1881 2130 1949 receperint
2170 1881 2346 1950 primo

362 1961 540 2013 locum
566 1963 632 2014 ad
657 1963 1007 2015 habitandum
1032 1973 1243 2016 tantum
1269 1972 1530 2034 perpetuo
1557 1982 1655 2015 nec
1699 1964 1819 2033 plus
1862 1965 2175 2033 possideant
2194 1986 2209 2029 3
2247 1965 2348 2016 mi-

364 2063 551 2098 norem
575 2047 743 2099 facere
768 2048 908 2111 licet,
934 2050 1189 2118 majorem
1215 2068 1342 2100 non.
1400 2049 1485 2100 Ibi
1511 2055 1762 2099 maneant
1776 2048 1986 2102 inclusi.
2044 2051 2350 2118 Praeceptor

365 2146 548 2181 eorum
573 2131 850 2201 presbyter
875 2133 960 2193 sit,
988 2133 1072 2184 cui
1097 2134 1241 2184 nulla
1267 2133 1667 2202 dispensatione
1690 2132 1847 2185 liceat
1872 2141 2086 2203 septum
2123 2134 2348 2202 ingredi.

367 2215 543 2266 Nemo
594 2216 738 2267 solus
790 2224 976 2281 exeat3
1038 2217 1173 2269 nihil
1222 2226 1369 2269 extra
1417 2216 1775 2287 possessionis
1823 2217 2057 2269 habeant
2071 2238 2086 2282 ;
2139 2218 2350 2270 nullum

365 2301 560 2351 animal
583 2302 720 2353 intra
744 2311 942 2371 praeter
968 2321 1114 2371 apeS,
1144 2303 1235 2372 qui
1261 2303 1465 2355 vicinos
1491 2321 1602 2354 non
1626 2303 1848 2355 laedunt.
1926 2303 2090 2356 Quod
2116 2303 2191 2355 eis
2218 2302 2351 2354 cari-

367 2385 529 2437 tative
555 2386 710 2437 datur
747 2388 1053 2451 comedunt,
1095 2395 1149 2440 et
1192 2389 1335 2457 quod
1374 2388 1522 2439 intus
1566 2387 1837 2439 elaborare
1876 2387 2130 2456 poterint.
2208 2387 2350 2438 Cum

367 2469 653 2521 defecerint
677 2471 895 2523 omnino
921 2471 1185 2536 victualia,
1211 2481 1341 2524 tunc
1375 2472 1511 2524 duos
1550 2479 1678 2540 post
1720 2471 1882 2523 unius
1923 2472 2029 2522 diei
2071 2471 2185 2522 sine
2230 2470 2349 2522 cibo

361 2553 625 2622 jejunium
651 2555 718 2605 ad
744 2563 962 2607 stratam
987 2556 1285 2625 proximam
1324 2557 1567 2621 mittunt,
1603 2556 1694 2624 qui
1732 2557 1907 2624 primo
1947 2556 2115 2607 vianti
2155 2555 2353 2618 dicant,

369 2642 405 2667 ‘⁶
424 2639 634 2690 Fratres
661 2639 954 2691 esuriunt.''
1032 2641 1090 2692 Si
1115 2641 1386 2692 Dominus
1413 2641 1639 2693 audierit
1658 2659 1750 2693 eos
1770 2658 1867 2709 per
1883 2640 2017 2691 illud
2034 2639 2354 2702 subsidium,

368 2730 630 2791 pausant3
671 2723 754 2774 sin
779 2732 977 2789 autem,
1001 2725 1091 2778 illa
1117 2726 1201 2781 die
1229 2725 1343 2778 sine
1369 2726 1489 2778 cibo
1509 2726 1776 2794 jejunant,
1801 2731 1856 2776 et
1879 2724 1936 2777 in
1962 2724 2192 2776 crastino
2217 2741 2354 2792 pon-

422 2901 447 2925 *
474 2901 559 2939 The
577 2901 780 2952 bishopric
800 2903 847 2941 of
871 2904 1088 2943 Morienne
1120 2903 1156 2943 is
1185 2904 1228 2942 in
1259 2905 1331 2944 the
1384 2905 1619 2957 commonly
1650 2904 1780 2943 called
1812 2903 1991 2954 Stephen
2021 2904 2070 2942 de
2116 2903 2273 2948 Muret‚
2309 2901 2355 2940 in

371 2980 478 3005 same
501 2968 691 3017 province
726 2968 919 3021 (Vienne)
953 2983 997 3011 as
1030 2971 1119 3010 that
1152 2971 1199 3010 of
1227 2970 1330 3010 Gre-
1390 2973 1509 3013 1076.
1531 2972 1649 3010 After
1666 2971 1879 3022 Stephen’s
1895 2971 2030 3018 death,
2048 2983 2160 3009 some
2173 2971 2356 3020 disputes

373 3034 507 3072 noble.
1393 3039 1544 3088 arising
1562 3038 1736 3088 relating
1753 3042 1797 3077 to
1818 3038 1888 3077 the
1907 3039 1998 3076 title
2018 3043 2060 3076 to
2079 3038 2149 3076 the
2177 3041 2271 3088 spot
2301 3048 2357 3074 on

425 3101 453 3146 †
479 3101 565 3139 The
595 3102 713 3141 order
754 3103 801 3142 of
844 3104 1100 3143 Grandmont
1131 3116 1214 3143 was
1246 3105 1336 3143 first
1391 3105 1523 3144 which
1543 3105 1639 3156 they
1667 3105 1748 3144 had
1781 3106 1942 3153 settled,
1975 3106 2040 3144 his
2070 3105 2259 3155 disciples
2290 3115 2357 3141 re-

375 3166 552 3204 founded
572 3172 614 3205 at
633 3168 788 3216 Muret,
809 3183 906 3209 near
936 3169 1146 3221 Limoges,
1165 3171 1221 3221 by
1242 3171 1333 3209 Ste-
1390 3173 1535 3211 moved
1554 3176 1597 3211 to
1618 3173 1689 3211 the
1710 3172 1844 3211 desert
1876 3173 2086 3211 mountain
2120 3171 2167 3210 of
2195 3169 2357 3209 Grand-

375 3233 499 3283 phen,
520 3246 543 3270 a
559 3235 692 3274 native
711 3237 754 3274 of
770 3237 998 3288 Auvergne,
1018 3238 1125 3285 who,
1139 3238 1246 3276 from
1265 3239 1334 3277 the
1389 3243 1505 3278 mont
1524 3240 1568 3278 in
1588 3240 1827 3291 Burgundy.
1887 3240 1962 3278 See
1982 3239 2139 3287 Heliot,
2156 3238 2269 3277 Hist.
2285 3237 2357 3275 des

376 3311 493 3338 name
511 3299 558 3338 of
572 3300 642 3339 the
660 3301 772 3351 place
793 3306 835 3342 to
853 3304 987 3343 which
1017 3306 1071 3345 he
1099 3305 1267 3353 remed,
1299 3306 1334 3344 is
1390 3305 1544 3345 Ordres
1565 3306 1700 3357 Relig.
1721 3311 1823 3347 tom.
1845 3307 1915 3346 vii.
1937 3319 1979 3357 p.
2000 3308 2094 3347 409.
