<?xml version="1.0" encoding="UTF-8"?>
<!DOCTYPE html PUBLIC "-//W3C//DTD XHTML 1.0 Transitional//EN"
    "http://www.w3.org/TR/xhtml1/DTD/xhtml1-transitional.dtd">
<html xmlns="http://www.w3.org/1999/xhtml" xml:lang="en" lang="en">
 <head>
  <title>
</title>
<meta http-equiv="Content-Type" content="text/html;charset=utf-8" />
  <meta name='ocr-system' content='tesseract 3.04.00' />
  <meta name='ocr-capabilities' content='ocr_page ocr_carea ocr_par ocr_line ocrx_word'/>
</head>
<body>
  <div class='ocr_page' id='page_1' title='image "./gualterimapes00camduoft/gualterimapes00camduoft_0024.png"; bbox 0 0 2638 3860; ppageno 0'>
   <div class='ocr_carea' id='block_1_1' title="bbox 330 401 2279 456">
    <p class='ocr_par' dir='ltr' id='par_1_1' title="bbox 330 401 2279 456">
     <span class='ocr_line' id='line_1_1' title="bbox 330 401 2279 456; baseline -0.002 -10"><span class='ocrx_word' id='word_1_1' title='bbox 330 401 363 446; x_wconf 89' lang='grc'>4</span> <span class='ocrx_word' id='word_1_2' title='bbox 1034 411 1343 448; x_wconf 74' lang='lat' dir='ltr'>GUALTEm</span> <span class='ocrx_word' id='word_1_3' title='bbox 1386 410 1584 444; x_wconf 75' lang='lat' dir='ltr'>MAPEs</span> <span class='ocrx_word' id='word_1_4' title='bbox 2024 405 2222 456; x_wconf 83' lang='lat' dir='ltr'>[Distinc.</span> <span class='ocrx_word' id='word_1_5' title='bbox 2245 404 2279 443; x_wconf 90' lang='grc' dir='ltr'>Ι.</span> 
     </span>
    </p>
   </div>
   <div class='ocr_carea' id='block_1_2' title="bbox 325 532 2309 1878">
    <p class='ocr_par' dir='ltr' id='par_1_2' title="bbox 325 532 2309 1878">
     <span class='ocr_line' id='line_1_2' title="bbox 329 532 2306 607; baseline -0.003 -20"><span class='ocrx_word' id='word_1_6' title='bbox 329 543 486 605; x_wconf 82' lang='lat' dir='ltr'>genta</span> <span class='ocrx_word' id='word_1_7' title='bbox 521 537 606 590; x_wconf 87' lang='lat' dir='ltr'>vel</span> <span class='ocrx_word' id='word_1_8' title='bbox 644 537 871 607; x_wconf 91' lang='lat' dir='ltr'>amplius</span> <span class='ocrx_word' id='word_1_9' title='bbox 912 544 1035 590; x_wconf 90' lang='lat' dir='ltr'>ante</span> <span class='ocrx_word' id='word_1_10' title='bbox 1067 536 1302 589; x_wconf 90' lang='lat' dir='ltr'>laborem</span> <span class='ocrx_word' id='word_1_11' title='bbox 1342 541 1398 587; x_wconf 92' lang='lat' dir='ltr'>et</span> <span class='ocrx_word' id='word_1_12' title='bbox 1439 533 1696 586; x_wconf 90' lang='lat' dir='ltr'>dolorem.</span> <span class='ocrx_word' id='word_1_13' title='bbox 1771 532 1890 584; x_wconf 92' lang='lat' dir='ltr'>Nos</span> <span class='ocrx_word' id='word_1_14' title='bbox 1939 539 2121 584; x_wconf 91' lang='lat' dir='ltr'>autem</span> <span class='ocrx_word' id='word_1_15' title='bbox 2160 547 2306 581; x_wconf 90' lang='lat' dir='ltr'>nunc</span> 
     </span>
     <span class='ocr_line' id='line_1_3' title="bbox 330 614 2308 691; baseline -0.004 -19"><span class='ocrx_word' id='word_1_16' title='bbox 330 622 663 691; x_wconf 84' lang='lat' dir='ltr'><strong>septuaginta</strong></span> <span class='ocrx_word' id='word_1_17' title='bbox 717 640 826 674; x_wconf 91' lang='lat' dir='ltr'>non</span> <span class='ocrx_word' id='word_1_18' title='bbox 883 622 1132 673; x_wconf 89' lang='lat' dir='ltr'>duramus</span> <span class='ocrx_word' id='word_1_19' title='bbox 1171 619 1468 682; x_wconf 81' lang='lat' dir='ltr'>indemneS‚</span> <span class='ocrx_word' id='word_1_20' title='bbox 1523 617 1634 668; x_wconf 89' lang='lat' dir='ltr'>imo</span> <span class='ocrx_word' id='word_1_21' title='bbox 1674 615 1855 668; x_wconf 91' lang='lat' dir='ltr'>statim</span> <span class='ocrx_word' id='word_1_22' title='bbox 1898 624 2187 686; x_wconf 86' lang='lat' dir='ltr'><strong>postquam</strong></span> <span class='ocrx_word' id='word_1_23' title='bbox 2224 614 2308 666; x_wconf 91' lang='lat' dir='ltr'>in-</span> 
     </span>
     <span class='ocr_line' id='line_1_4' title="bbox 327 698 2306 774; baseline -0.003 -18"><span class='ocrx_word' id='word_1_24' title='bbox 327 706 622 773; x_wconf 88' lang='lat' dir='ltr'><strong>ceperimus</strong></span> <span class='ocrx_word' id='word_1_25' title='bbox 649 723 830 774; x_wconf 84' lang='lat' dir='ltr'><strong>sapere</strong></span> <span class='ocrx_word' id='word_1_26' title='bbox 848 705 983 757; x_wconf 91' lang='lat' dir='ltr'>mori</span> <span class='ocrx_word' id='word_1_27' title='bbox 1008 703 1245 773; x_wconf 87' lang='lat' dir='ltr'>cogimur</span> <span class='ocrx_word' id='word_1_28' title='bbox 1259 709 1352 754; x_wconf 91' lang='lat' dir='ltr'>aut</span> <span class='ocrx_word' id='word_1_29' title='bbox 1372 701 1632 770; x_wconf 85' lang='lat' dir='ltr'><strong>desipere.</strong></span> <span class='ocrx_word' id='word_1_30' title='bbox 1680 701 1876 765; x_wconf 81' lang='lat' dir='ltr'>Terrae,</span> <span class='ocrx_word' id='word_1_31' title='bbox 1897 700 2076 764; x_wconf 89' lang='lat' dir='ltr'>maris,</span> <span class='ocrx_word' id='word_1_32' title='bbox 2094 707 2149 752; x_wconf 91' lang='lat' dir='ltr'>et</span> <span class='ocrx_word' id='word_1_33' title='bbox 2168 698 2306 751; x_wconf 91' lang='lat' dir='ltr'>aeris</span> 
     </span>
     <span class='ocr_line' id='line_1_5' title="bbox 328 785 2308 859; baseline -0.002 -20"><span class='ocrx_word' id='word_1_34' title='bbox 328 789 613 841; x_wconf 81' lang='lat' dir='ltr'>animantia</span> <span class='ocrx_word' id='word_1_35' title='bbox 652 798 845 859; x_wconf 86' lang='lat' dir='ltr'>praeter</span> <span class='ocrx_word' id='word_1_36' title='bbox 880 788 1124 842; x_wconf 90' lang='lat' dir='ltr'>homines</span> <span class='ocrx_word' id='word_1_37' title='bbox 1159 786 1409 857; x_wconf 87' lang='lat' dir='ltr'>quaelibet</span> <span class='ocrx_word' id='word_1_38' title='bbox 1447 804 1509 839; x_wconf 87' lang='lat' dir='ltr'>ea</span> <span class='ocrx_word' id='word_1_39' title='bbox 1534 804 1638 855; x_wconf 90' lang='lat' dir='ltr'>qua</span> <span class='ocrx_word' id='word_1_40' title='bbox 1663 792 1839 838; x_wconf 91' lang='lat' dir='ltr'>creata</span> <span class='ocrx_word' id='word_1_41' title='bbox 1864 792 1994 837; x_wconf 92' lang='lat' dir='ltr'>sunt</span> <span class='ocrx_word' id='word_1_42' title='bbox 2031 785 2142 838; x_wconf 89' lang='lat' dir='ltr'>vita</span> <span class='ocrx_word' id='word_1_43' title='bbox 2177 802 2308 853; x_wconf 88' lang='lat' dir='ltr'>gau-</span> 
     </span>
     <span class='ocr_line' id='line_1_6' title="bbox 328 869 2308 944; baseline -0.002 -20"><span class='ocrx_word' id='word_1_44' title='bbox 328 874 481 925; x_wconf 91' lang='lat' dir='ltr'>diunt</span> <span class='ocrx_word' id='word_1_45' title='bbox 505 882 559 926; x_wconf 92' lang='lat' dir='ltr'>et</span> <span class='ocrx_word' id='word_1_46' title='bbox 582 875 884 940; x_wconf 84' lang='lat' dir='ltr'>virtutibus,</span> <span class='ocrx_word' id='word_1_47' title='bbox 910 875 1060 944; x_wconf 89' lang='lat' dir='ltr'>quasi</span> <span class='ocrx_word' id='word_1_48' title='bbox 1085 893 1194 926; x_wconf 90' lang='lat' dir='ltr'>non</span> <span class='ocrx_word' id='word_1_49' title='bbox 1215 873 1526 926; x_wconf 90' lang='lat' dir='ltr'>deciderunt</span> <span class='ocrx_word' id='word_1_50' title='bbox 1545 891 1575 923; x_wconf 91' lang='lat' dir='ltr'>a</span> <span class='ocrx_word' id='word_1_51' title='bbox 1599 870 1765 941; x_wconf 88' lang='lat' dir='ltr'>gratia</span> <span class='ocrx_word' id='word_1_52' title='bbox 1793 869 2079 922; x_wconf 82' lang='lat' dir='ltr'>CreatoriS.</span> <span class='ocrx_word' id='word_1_53' title='bbox 2158 869 2308 922; x_wconf 76' lang='lat' dir='ltr'>Quid</span> 
     </span>
     <span class='ocr_line' id='line_1_7' title="bbox 326 953 2306 1029; baseline -0.003 -20"><span class='ocrx_word' id='word_1_54' title='bbox 326 965 502 1010; x_wconf 90' lang='lat' dir='ltr'>autem</span> <span class='ocrx_word' id='word_1_55' title='bbox 520 959 622 1011; x_wconf 91' lang='lat' dir='ltr'>hoc</span> <span class='ocrx_word' id='word_1_56' title='bbox 647 967 744 1024; x_wconf 83' lang='lat' dir='ltr'>est,</span> <span class='ocrx_word' id='word_1_57' title='bbox 760 960 863 1011; x_wconf 91' lang='lat' dir='ltr'>nisi</span> <span class='ocrx_word' id='word_1_58' title='bbox 889 960 1031 1029; x_wconf 92' lang='lat' dir='ltr'>quod</span> <span class='ocrx_word' id='word_1_59' title='bbox 1047 960 1163 1028; x_wconf 87' lang='lat' dir='ltr'>ipsa</span> <span class='ocrx_word' id='word_1_60' title='bbox 1176 960 1382 1028; x_wconf 90' lang='lat' dir='ltr'>jussam</span> <span class='ocrx_word' id='word_1_61' title='bbox 1398 964 1586 1010; x_wconf 92' lang='lat' dir='ltr'>tenent</span> <span class='ocrx_word' id='word_1_62' title='bbox 1601 955 1980 1020; x_wconf 82' lang='lat' dir='ltr'>obedientiam,</span> <span class='ocrx_word' id='word_1_63' title='bbox 2005 972 2106 1006; x_wconf 93' lang='lat' dir='ltr'>nos</span> <span class='ocrx_word' id='word_1_64' title='bbox 2131 953 2306 1023; x_wconf 90' lang='lat' dir='ltr'>ipsam</span> 
     </span>
     <span class='ocr_line' id='line_1_8' title="bbox 327 1040 2308 1113; baseline -0.001 -21"><span class='ocrx_word' id='word_1_65' title='bbox 327 1041 393 1093; x_wconf 89' lang='lat' dir='ltr'>ab</span> <span class='ocrx_word' id='word_1_66' title='bbox 417 1041 569 1095; x_wconf 91' lang='lat' dir='ltr'>initio</span> <span class='ocrx_word' id='word_1_67' title='bbox 596 1044 912 1113; x_wconf 87' lang='lat' dir='ltr'>spernimus.</span> <span class='ocrx_word' id='word_1_68' title='bbox 986 1045 1166 1096; x_wconf 92' lang='lat' dir='ltr'>Multo</span> <span class='ocrx_word' id='word_1_69' title='bbox 1207 1043 1494 1095; x_wconf 89' lang='lat' dir='ltr'>desolatius</span> <span class='ocrx_word' id='word_1_70' title='bbox 1539 1041 1828 1093; x_wconf 92' lang='lat' dir='ltr'>dolendum</span> <span class='ocrx_word' id='word_1_71' title='bbox 1861 1040 2018 1092; x_wconf 91' lang='lat' dir='ltr'>nobis</span> <span class='ocrx_word' id='word_1_72' title='bbox 2053 1046 2136 1092; x_wconf 91' lang='lat' dir='ltr'>est</span> <span class='ocrx_word' id='word_1_73' title='bbox 2161 1040 2308 1108; x_wconf 92' lang='lat' dir='ltr'>quod</span> 
     </span>
     <span class='ocr_line' id='line_1_9' title="bbox 327 1125 2307 1195; baseline 0 -19"><span class='ocrx_word' id='word_1_74' title='bbox 327 1126 590 1178; x_wconf 88' lang='lat' dir='ltr'>stantibus</span> <span class='ocrx_word' id='word_1_75' title='bbox 614 1128 875 1181; x_wconf 90' lang='lat' dir='ltr'>universis</span> <span class='ocrx_word' id='word_1_76' title='bbox 902 1129 1000 1181; x_wconf 91' lang='lat' dir='ltr'>soli</span> <span class='ocrx_word' id='word_1_77' title='bbox 1026 1129 1293 1181; x_wconf 80' lang='lat' dir='ltr'>daemones</span> <span class='ocrx_word' id='word_1_78' title='bbox 1315 1135 1369 1180; x_wconf 94' lang='lat' dir='ltr'>et</span> <span class='ocrx_word' id='word_1_79' title='bbox 1387 1145 1487 1179; x_wconf 93' lang='lat' dir='ltr'>nos</span> <span class='ocrx_word' id='word_1_80' title='bbox 1508 1126 1813 1190; x_wconf 84' lang='lat' dir='ltr'>cecidimuS,</span> <span class='ocrx_word' id='word_1_81' title='bbox 1833 1125 1978 1195; x_wconf 92' lang='lat' dir='ltr'>quod</span> <span class='ocrx_word' id='word_1_82' title='bbox 1999 1125 2307 1177; x_wconf 82' lang='lat' dir='ltr'><strong>seductores</strong></span> 
     </span>
     <span class='ocr_line' id='line_1_10' title="bbox 328 1208 2309 1283; baseline 0.002 -23"><span class='ocrx_word' id='word_1_83' title='bbox 328 1218 541 1263; x_wconf 87' lang='lat' dir='ltr'>nostros</span> <span class='ocrx_word' id='word_1_84' title='bbox 556 1208 812 1264; x_wconf 87' lang='lat' dir='ltr'>habemus</span> <span class='ocrx_word' id='word_1_85' title='bbox 839 1214 1028 1278; x_wconf 84' lang='lat' dir='ltr'>sociOS‚</span> <span class='ocrx_word' id='word_1_86' title='bbox 1060 1215 1203 1283; x_wconf 93' lang='lat' dir='ltr'>quod</span> <span class='ocrx_word' id='word_1_87' title='bbox 1235 1220 1418 1265; x_wconf 89' lang='lat' dir='ltr'>nostra</span> <span class='ocrx_word' id='word_1_88' title='bbox 1442 1230 1541 1264; x_wconf 90' lang='lat' dir='ltr'>nos</span> <span class='ocrx_word' id='word_1_89' title='bbox 1566 1212 1622 1262; x_wconf 90' lang='lat' dir='ltr'>in</span> <span class='ocrx_word' id='word_1_90' title='bbox 1647 1211 1965 1264; x_wconf 88' lang='lat' dir='ltr'>brevitatem</span> <span class='ocrx_word' id='word_1_91' title='bbox 2003 1211 2218 1264; x_wconf 88' lang='lat' dir='ltr'>virtutis</span> <span class='ocrx_word' id='word_1_92' title='bbox 2253 1220 2309 1263; x_wconf 91' lang='lat' dir='ltr'>et</span> 
     </span>
     <span class='ocr_line' id='line_1_11' title="bbox 328 1293 2308 1368; baseline 0.002 -24"><span class='ocrx_word' id='word_1_93' title='bbox 328 1293 452 1346; x_wconf 82' lang='lat' dir='ltr'>vitae</span> <span class='ocrx_word' id='word_1_94' title='bbox 475 1296 743 1350; x_wconf 89' lang='lat' dir='ltr'>damnavit</span> <span class='ocrx_word' id='word_1_95' title='bbox 757 1298 1023 1368; x_wconf 87' lang='lat' dir='ltr'>iniquitas,</span> <span class='ocrx_word' id='word_1_96' title='bbox 1046 1308 1100 1352; x_wconf 91' lang='lat' dir='ltr'>et</span> <span class='ocrx_word' id='word_1_97' title='bbox 1115 1318 1178 1352; x_wconf 87' lang='lat' dir='ltr'>ex</span> <span class='ocrx_word' id='word_1_98' title='bbox 1195 1297 1492 1351; x_wconf 80' lang='lat' dir='ltr'>imitatione</span> <span class='ocrx_word' id='word_1_99' title='bbox 1507 1295 1665 1366; x_wconf 87' lang='lat' dir='ltr'>primi</span> <span class='ocrx_word' id='word_1_100' title='bbox 1680 1297 1917 1365; x_wconf 85' lang='lat' dir='ltr'>pessimi.</span> <span class='ocrx_word' id='word_1_101' title='bbox 1995 1297 2131 1351; x_wconf 73' lang='lat' dir='ltr'>Quis</span> <span class='ocrx_word' id='word_1_102' title='bbox 2158 1297 2308 1348; x_wconf 90' lang='lat' dir='ltr'>adin-</span> 
     </span>
     <span class='ocr_line' id='line_1_12' title="bbox 328 1379 2305 1448; baseline 0.003 -19"><span class='ocrx_word' id='word_1_103' title='bbox 328 1379 476 1431; x_wconf 87' lang='lat' dir='ltr'>venit</span> <span class='ocrx_word' id='word_1_104' title='bbox 499 1382 829 1435; x_wconf 90' lang='lat' dir='ltr'>metallorum</span> <span class='ocrx_word' id='word_1_105' title='bbox 864 1385 1245 1448; x_wconf 85' lang='lat' dir='ltr'>decoctionem,</span> <span class='ocrx_word' id='word_1_106' title='bbox 1282 1383 1496 1435; x_wconf 90' lang='lat' dir='ltr'>alterius</span> <span class='ocrx_word' id='word_1_107' title='bbox 1538 1382 1595 1434; x_wconf 91' lang='lat' dir='ltr'>in</span> <span class='ocrx_word' id='word_1_108' title='bbox 1639 1382 1865 1434; x_wconf 90' lang='lat' dir='ltr'>alterum</span> <span class='ocrx_word' id='word_1_109' title='bbox 1903 1382 2305 1435; x_wconf 89' lang='lat' dir='ltr'>reductionem?</span> 
     </span>
     <span class='ocr_line' id='line_1_13' title="bbox 330 1462 2307 1538; baseline 0.004 -25"><span class='ocrx_word' id='word_1_110' title='bbox 330 1462 448 1530; x_wconf 91' lang='lat' dir='ltr'>quis</span> <span class='ocrx_word' id='word_1_111' title='bbox 510 1464 789 1519; x_wconf 89' lang='lat' dir='ltr'>durissima</span> <span class='ocrx_word' id='word_1_112' title='bbox 850 1486 1070 1538; x_wconf 90' lang='lat' dir='ltr'>corpora</span> <span class='ocrx_word' id='word_1_113' title='bbox 1130 1468 1279 1519; x_wconf 85' lang='lat' dir='ltr'>flexit</span> <span class='ocrx_word' id='word_1_114' title='bbox 1340 1467 1396 1519; x_wconf 93' lang='lat' dir='ltr'>in</span> <span class='ocrx_word' id='word_1_115' title='bbox 1439 1467 1738 1536; x_wconf 88' lang='lat' dir='ltr'>liquorem?</span> <span class='ocrx_word' id='word_1_116' title='bbox 1796 1467 1915 1536; x_wconf 91' lang='lat' dir='ltr'>quis</span> <span class='ocrx_word' id='word_1_117' title='bbox 1955 1486 2307 1520; x_wconf 87' lang='lat' dir='ltr'>marmoream</span> 
     </span>
     <span class='ocr_line' id='line_1_14' title="bbox 331 1548 2307 1622; baseline 0.004 -24"><span class='ocrx_word' id='word_1_118' title='bbox 331 1548 648 1602; x_wconf 91' lang='lat' dir='ltr'>soliditatem</span> <span class='ocrx_word' id='word_1_119' title='bbox 690 1553 833 1604; x_wconf 91' lang='lat' dir='ltr'>fusili</span> <span class='ocrx_word' id='word_1_120' title='bbox 879 1554 1100 1622; x_wconf 91' lang='lat' dir='ltr'>plumbo</span> <span class='ocrx_word' id='word_1_121' title='bbox 1141 1554 1303 1606; x_wconf 90' lang='lat' dir='ltr'>secari</span> <span class='ocrx_word' id='word_1_122' title='bbox 1341 1552 1561 1605; x_wconf 80' lang='lat' dir='ltr'>docuit?</span> <span class='ocrx_word' id='word_1_123' title='bbox 1625 1553 1743 1622; x_wconf 93' lang='lat' dir='ltr'>quis</span> <span class='ocrx_word' id='word_1_124' title='bbox 1779 1552 1913 1603; x_wconf 89' lang='lat' dir='ltr'>hirci</span> <span class='ocrx_word' id='word_1_125' title='bbox 1956 1553 2307 1622; x_wconf 81' lang='lat' dir='ltr'>sanguinibus</span> 
     </span>
     <span class='ocr_line' id='line_1_15' title="bbox 326 1632 2306 1706; baseline 0.004 -25"><span class='ocrx_word' id='word_1_126' title='bbox 326 1632 659 1687; x_wconf 89' lang='lat' dir='ltr'>adamantem</span> <span class='ocrx_word' id='word_1_127' title='bbox 685 1637 873 1706; x_wconf 91' lang='lat' dir='ltr'>subjici</span> <span class='ocrx_word' id='word_1_128' title='bbox 898 1637 1190 1706; x_wconf 86' lang='lat' dir='ltr'>comperit?</span> <span class='ocrx_word' id='word_1_129' title='bbox 1213 1639 1245 1676; x_wconf 72' lang='lat'>²¹&lt;</span> <span class='ocrx_word' id='word_1_130' title='bbox 1283 1637 1401 1706; x_wconf 92' lang='lat' dir='ltr'>quis</span> <span class='ocrx_word' id='word_1_131' title='bbox 1437 1637 1638 1689; x_wconf 90' lang='lat' dir='ltr'>silicem</span> <span class='ocrx_word' id='word_1_132' title='bbox 1678 1636 1931 1689; x_wconf 85' lang='lat' dir='ltr'>conflavit</span> <span class='ocrx_word' id='word_1_133' title='bbox 1971 1636 2029 1688; x_wconf 89' lang='lat' dir='ltr'>in</span> <span class='ocrx_word' id='word_1_134' title='bbox 2066 1637 2306 1690; x_wconf 83' lang='lat' dir='ltr'>vitrum?</span> 
     </span>
     <span class='ocr_line' id='line_1_16' title="bbox 327 1713 2308 1792; baseline 0.005 -27"><span class='ocrx_word' id='word_1_135' title='bbox 327 1713 483 1768; x_wconf 90' lang='lat' dir='ltr'>Certe</span> <span class='ocrx_word' id='word_1_136' title='bbox 506 1736 617 1769; x_wconf 92' lang='lat' dir='ltr'>non</span> <span class='ocrx_word' id='word_1_137' title='bbox 641 1737 774 1771; x_wconf 83' lang='lat' dir='ltr'>nos:</span> <span class='ocrx_word' id='word_1_138' title='bbox 812 1739 923 1773; x_wconf 91' lang='lat' dir='ltr'>non</span> <span class='ocrx_word' id='word_1_139' title='bbox 966 1722 1370 1791; x_wconf 88' lang='lat' dir='ltr'>comprehendit</span> <span class='ocrx_word' id='word_1_140' title='bbox 1410 1721 1722 1791; x_wconf 87' lang='lat' dir='ltr'>hujusmodi</span> <span class='ocrx_word' id='word_1_141' title='bbox 1765 1722 2102 1792; x_wconf 83' lang='lat' dir='ltr'>septuaginta</span> <span class='ocrx_word' id='word_1_142' title='bbox 2141 1722 2308 1775; x_wconf 92' lang='lat' dir='ltr'>curri-</span> 
     </span>
     <span class='ocr_line' id='line_1_17' title="bbox 325 1799 2305 1878; baseline 0.005 -28"><span class='ocrx_word' id='word_1_143' title='bbox 325 1799 502 1853; x_wconf 91' lang='lat' dir='ltr'>culum</span> <span class='ocrx_word' id='word_1_144' title='bbox 526 1821 802 1858; x_wconf 89' lang='lat' dir='ltr'>annorum.</span> <span class='ocrx_word' id='word_1_145' title='bbox 878 1806 984 1858; x_wconf 87' lang='lat' dir='ltr'>Sed</span> <span class='ocrx_word' id='word_1_146' title='bbox 1027 1807 1117 1875; x_wconf 93' lang='lat' dir='ltr'>qui</span> <span class='ocrx_word' id='word_1_147' title='bbox 1161 1807 1509 1876; x_wconf 86' lang='lat' dir='ltr'>septingentis</span> <span class='ocrx_word' id='word_1_148' title='bbox 1535 1815 1629 1859; x_wconf 90' lang='lat' dir='ltr'>aut</span> <span class='ocrx_word' id='word_1_149' title='bbox 1653 1807 1973 1876; x_wconf 84' lang='lat' dir='ltr'>octingentis</span> <span class='ocrx_word' id='word_1_150' title='bbox 1998 1825 2184 1860; x_wconf 89' lang='lat' dir='ltr'>vacare</span> <span class='ocrx_word' id='word_1_151' title='bbox 2208 1826 2305 1878; x_wconf 88' lang='lat' dir='ltr'>po·</span> 
     </span>
    </p>
   </div>
   <div class='ocr_carea' id='block_1_3' title="bbox 320 1979 2306 2583">
    <p class='ocr_par' dir='ltr' id='par_1_3' title="bbox 320 1979 2306 2583">
     <span class='ocr_line' id='line_1_18' title="bbox 377 1979 2306 2042; baseline 0.005 -20"><span class='ocrx_word' id='word_1_152' title='bbox 377 1979 403 2004; x_wconf 67' lang='lat'>⁴*</span> <span class='ocrx_word' id='word_1_153' title='bbox 426 1980 526 2022; x_wconf 22' lang='lat' dir='ltr'>*This</span> <span class='ocrx_word' id='word_1_154' title='bbox 544 1983 687 2034; x_wconf 89' lang='lat' dir='ltr'>legend</span> <span class='ocrx_word' id='word_1_155' title='bbox 706 1986 740 2026; x_wconf 91' lang='lat' dir='ltr'>is</span> <span class='ocrx_word' id='word_1_156' title='bbox 759 1986 887 2026; x_wconf 88' lang='lat' dir='ltr'>found</span> <span class='ocrx_word' id='word_1_157' title='bbox 918 1988 962 2027; x_wconf 90' lang='lat' dir='ltr'>in</span> <span class='ocrx_word' id='word_1_158' title='bbox 993 1988 1125 2040; x_wconf 86' lang='lat' dir='ltr'>Pliny,</span> <span class='ocrx_word' id='word_1_159' title='bbox 1162 1989 1274 2029; x_wconf 90' lang='lat' dir='ltr'>Hist.</span> <span class='ocrx_word' id='word_1_160' title='bbox 1332 2001 1477 2041; x_wconf 83' lang='lat' dir='ltr'>parvas</span> <span class='ocrx_word' id='word_1_161' title='bbox 1496 1989 1697 2040; x_wconf 83' lang='lat' dir='ltr'>frangitur</span> <span class='ocrx_word' id='word_1_162' title='bbox 1714 1993 1888 2037; x_wconf 85' lang='lat' dir='ltr'>crustas,</span> <span class='ocrx_word' id='word_1_163' title='bbox 1908 1993 1957 2028; x_wconf 88' lang='lat' dir='ltr'>ut</span> <span class='ocrx_word' id='word_1_164' title='bbox 1976 1990 2092 2029; x_wconf 88' lang='lat' dir='ltr'>cerni</span> <span class='ocrx_word' id='word_1_165' title='bbox 2110 1990 2179 2029; x_wconf 82' lang='lat' dir='ltr'>vix</span> <span class='ocrx_word' id='word_1_166' title='bbox 2207 2003 2306 2042; x_wconf 88' lang='lat' dir='ltr'>pos-</span> 
     </span>
     <span class='ocr_line' id='line_1_19' title="bbox 326 2045 2306 2110; baseline 0.007 -26"><span class='ocrx_word' id='word_1_167' title='bbox 326 2045 423 2086; x_wconf 83' lang='lat' dir='ltr'>Nat.</span> <span class='ocrx_word' id='word_1_168' title='bbox 443 2048 515 2088; x_wconf 91' lang='lat' dir='ltr'>lib.</span> <span class='ocrx_word' id='word_1_169' title='bbox 535 2052 682 2090; x_wconf 81' lang='lat' dir='ltr'>xxxvii.</span> <span class='ocrx_word' id='word_1_170' title='bbox 704 2066 741 2093; x_wconf 90' lang='lat' dir='ltr'>c.</span> <span class='ocrx_word' id='word_1_171' title='bbox 760 2057 802 2094; x_wconf 89' lang='lat'>4.</span> <span class='ocrx_word' id='word_1_172' title='bbox 859 2056 889 2078; x_wconf 89' lang='lat'><strong>“</strong></span> <span class='ocrx_word' id='word_1_173' title='bbox 906 2054 1111 2106; x_wconf 89' lang='lat' dir='ltr'>Siquidem</span> <span class='ocrx_word' id='word_1_174' title='bbox 1129 2056 1199 2095; x_wconf 87' lang='lat' dir='ltr'>illa</span> <span class='ocrx_word' id='word_1_175' title='bbox 1211 2057 1274 2094; x_wconf 90' lang='lat' dir='ltr'>in-</span> <span class='ocrx_word' id='word_1_176' title='bbox 1331 2057 1429 2096; x_wconf 86' lang='lat' dir='ltr'>sint.</span> <span class='ocrx_word' id='word_1_177' title='bbox 1487 2057 1748 2108; x_wconf 85' lang='lat' dir='ltr'>Expetuntur</span> <span class='ocrx_word' id='word_1_178' title='bbox 1766 2070 1790 2096; x_wconf 87' lang='lat' dir='ltr'>a</span> <span class='ocrx_word' id='word_1_179' title='bbox 1809 2057 2093 2108; x_wconf 86' lang='lat' dir='ltr'>scalptoribus,</span> <span class='ocrx_word' id='word_1_180' title='bbox 2112 2058 2306 2110; x_wconf 89' lang='lat' dir='ltr'>ferroque</span> 
     </span>
     <span class='ocr_line' id='line_1_20' title="bbox 323 2112 2306 2172; baseline 0.007 -21"><span class='ocrx_word' id='word_1_181' title='bbox 323 2112 429 2152; x_wconf 85' lang='lat' dir='ltr'>victa</span> <span class='ocrx_word' id='word_1_182' title='bbox 445 2116 505 2154; x_wconf 89' lang='lat' dir='ltr'>vis</span> <span class='ocrx_word' id='word_1_183' title='bbox 525 2117 693 2158; x_wconf 89' lang='lat' dir='ltr'>duarum</span> <span class='ocrx_word' id='word_1_184' title='bbox 711 2120 1012 2162; x_wconf 77' lang='lat' dir='ltr'>violentissimae</span> <span class='ocrx_word' id='word_1_185' title='bbox 1034 2127 1188 2163; x_wconf 82' lang='lat' dir='ltr'>naturae</span> <span class='ocrx_word' id='word_1_186' title='bbox 1208 2136 1274 2163; x_wconf 89' lang='lat' dir='ltr'>re·</span> <span class='ocrx_word' id='word_1_187' title='bbox 1330 2124 1609 2172; x_wconf 86' lang='lat' dir='ltr'>includuntur,</span> <span class='ocrx_word' id='word_1_188' title='bbox 1636 2125 1791 2164; x_wconf 83' lang='lat' dir='ltr'>nullam</span> <span class='ocrx_word' id='word_1_189' title='bbox 1810 2137 1893 2164; x_wconf 89' lang='lat' dir='ltr'>non</span> <span class='ocrx_word' id='word_1_190' title='bbox 1914 2125 2103 2164; x_wconf 84' lang='lat' dir='ltr'>duritiam</span> <span class='ocrx_word' id='word_1_191' title='bbox 2123 2138 2172 2164; x_wconf 85' lang='lat' dir='ltr'>ex</span> <span class='ocrx_word' id='word_1_192' title='bbox 2192 2126 2306 2165; x_wconf 86' lang='lat' dir='ltr'>facili</span> 
     </span>
     <span class='ocr_line' id='line_1_21' title="bbox 323 2182 2302 2247; baseline 0.008 -30"><span class='ocrx_word' id='word_1_193' title='bbox 323 2192 414 2219; x_wconf 89' lang='lat' dir='ltr'>rum</span> <span class='ocrx_word' id='word_1_194' title='bbox 442 2182 537 2221; x_wconf 86' lang='lat' dir='ltr'>ferri</span> <span class='ocrx_word' id='word_1_195' title='bbox 567 2185 752 2238; x_wconf 87' lang='lat' dir='ltr'>ignisque</span> <span class='ocrx_word' id='word_1_196' title='bbox 791 2191 1077 2241; x_wconf 83' lang='lat' dir='ltr'>contemptrix,</span> <span class='ocrx_word' id='word_1_197' title='bbox 1115 2191 1275 2231; x_wconf 88' lang='lat' dir='ltr'>hircino</span> <span class='ocrx_word' id='word_1_198' title='bbox 1330 2194 1562 2231; x_wconf 86' lang='lat' dir='ltr'>cavantes.&#39;’</span> <span class='ocrx_word' id='word_1_199' title='bbox 1617 2192 1693 2232; x_wconf 87' lang='lat' dir='ltr'>See</span> <span class='ocrx_word' id='word_1_200' title='bbox 1734 2193 1821 2232; x_wconf 83' lang='lat' dir='ltr'>also</span> <span class='ocrx_word' id='word_1_201' title='bbox 1870 2192 2050 2240; x_wconf 90' lang='lat' dir='ltr'>Solinus,</span> <span class='ocrx_word' id='word_1_202' title='bbox 2099 2192 2302 2247; x_wconf 79' lang='lat' dir='ltr'>Polyhist.</span> 
     </span>
     <span class='ocr_line' id='line_1_22' title="bbox 323 2249 2300 2311; baseline 0.009 -27"><span class='ocrx_word' id='word_1_203' title='bbox 323 2249 525 2298; x_wconf 89' lang='lat' dir='ltr'>rumpitur</span> <span class='ocrx_word' id='word_1_204' title='bbox 543 2254 749 2303; x_wconf 87' lang='lat' dir='ltr'>sanguine,</span> <span class='ocrx_word' id='word_1_205' title='bbox 763 2268 837 2295; x_wconf 87' lang='lat' dir='ltr'>nec</span> <span class='ocrx_word' id='word_1_206' title='bbox 851 2258 968 2297; x_wconf 87' lang='lat' dir='ltr'>aliter</span> <span class='ocrx_word' id='word_1_207' title='bbox 986 2271 1104 2309; x_wconf 89' lang='lat' dir='ltr'>quam</span> <span class='ocrx_word' id='word_1_208' title='bbox 1123 2259 1276 2298; x_wconf 87' lang='lat' dir='ltr'>recenti</span> <span class='ocrx_word' id='word_1_209' title='bbox 1330 2272 1366 2299; x_wconf 84' lang='lat' dir='ltr'>c.</span> <span class='ocrx_word' id='word_1_210' title='bbox 1387 2261 1452 2298; x_wconf 77' lang='lat'>52.</span> <span class='ocrx_word' id='word_1_211' title='bbox 1513 2259 1564 2298; x_wconf 89' lang='lat' dir='ltr'>In</span> <span class='ocrx_word' id='word_1_212' title='bbox 1582 2260 1653 2298; x_wconf 88' lang='lat' dir='ltr'>the</span> <span class='ocrx_word' id='word_1_213' title='bbox 1682 2259 1870 2298; x_wconf 89' lang='lat' dir='ltr'>metrical</span> <span class='ocrx_word' id='word_1_214' title='bbox 1903 2260 2069 2300; x_wconf 86' lang='lat' dir='ltr'>treatise</span> <span class='ocrx_word' id='word_1_215' title='bbox 2100 2273 2157 2300; x_wconf 85' lang='lat' dir='ltr'>ou</span> <span class='ocrx_word' id='word_1_216' title='bbox 2184 2273 2300 2311; x_wconf 88' lang='lat' dir='ltr'>gems</span> 
     </span>
     <span class='ocr_line' id='line_1_23' title="bbox 322 2314 2300 2381; baseline 0.008 -29"><span class='ocrx_word' id='word_1_217' title='bbox 322 2314 532 2367; x_wconf 88' lang='lat' dir='ltr'>calidoque</span> <span class='ocrx_word' id='word_1_218' title='bbox 550 2326 763 2371; x_wconf 87' lang='lat' dir='ltr'>macerata,</span> <span class='ocrx_word' id='word_1_219' title='bbox 783 2327 825 2363; x_wconf 91' lang='lat' dir='ltr'>et</span> <span class='ocrx_word' id='word_1_220' title='bbox 852 2325 910 2364; x_wconf 82' lang='lat' dir='ltr'>sic</span> <span class='ocrx_word' id='word_1_221' title='bbox 942 2338 1103 2377; x_wconf 91' lang='lat' dir='ltr'>quoque</span> <span class='ocrx_word' id='word_1_222' title='bbox 1135 2327 1274 2366; x_wconf 90' lang='lat' dir='ltr'>multis</span> <span class='ocrx_word' id='word_1_223' title='bbox 1327 2327 1540 2378; x_wconf 87' lang='lat' dir='ltr'>published</span> <span class='ocrx_word' id='word_1_224' title='bbox 1568 2327 1623 2378; x_wconf 85' lang='lat' dir='ltr'>by</span> <span class='ocrx_word' id='word_1_225' title='bbox 1652 2327 1893 2375; x_wconf 87' lang='lat' dir='ltr'>Marbodus,</span> <span class='ocrx_word' id='word_1_226' title='bbox 1933 2327 2014 2366; x_wconf 87' lang='lat' dir='ltr'>and</span> <span class='ocrx_word' id='word_1_227' title='bbox 2060 2340 2106 2367; x_wconf 87' lang='lat' dir='ltr'>so</span> <span class='ocrx_word' id='word_1_228' title='bbox 2153 2329 2300 2381; x_wconf 81' lang='lat' dir='ltr'>widely</span> 
     </span>
     <span class='ocr_line' id='line_1_24' title="bbox 320 2380 2304 2446; baseline 0.009 -28"><span class='ocrx_word' id='word_1_229' title='bbox 320 2380 483 2430; x_wconf 86' lang='lat' dir='ltr'>ictibus,</span> <span class='ocrx_word' id='word_1_230' title='bbox 504 2388 602 2423; x_wconf 85' lang='lat' dir='ltr'>tunc</span> <span class='ocrx_word' id='word_1_231' title='bbox 620 2388 756 2437; x_wconf 81' lang='lat' dir='ltr'>etiam,</span> <span class='ocrx_word' id='word_1_232' title='bbox 794 2396 1062 2444; x_wconf 73' lang='lat' dir='ltr'>praeterquam</span> <span class='ocrx_word' id='word_1_233' title='bbox 1090 2394 1271 2442; x_wconf 85' lang='lat' dir='ltr'>eximias,</span> <span class='ocrx_word' id='word_1_234' title='bbox 1327 2395 1498 2445; x_wconf 90' lang='lat' dir='ltr'>popular</span> <span class='ocrx_word' id='word_1_235' title='bbox 1530 2395 1574 2433; x_wconf 88' lang='lat' dir='ltr'>in</span> <span class='ocrx_word' id='word_1_236' title='bbox 1604 2395 1673 2434; x_wconf 87' lang='lat' dir='ltr'>the</span> <span class='ocrx_word' id='word_1_237' title='bbox 1703 2395 1856 2434; x_wconf 88' lang='lat' dir='ltr'>middle</span> <span class='ocrx_word' id='word_1_238' title='bbox 1886 2408 1997 2446; x_wconf 83' lang='lat' dir='ltr'>ages,</span> <span class='ocrx_word' id='word_1_239' title='bbox 2027 2408 2087 2436; x_wconf 86' lang='lat' dir='ltr'>we</span> <span class='ocrx_word' id='word_1_240' title='bbox 2109 2396 2212 2436; x_wconf 86' lang='lat' dir='ltr'>have</span> <span class='ocrx_word' id='word_1_241' title='bbox 2232 2397 2304 2436; x_wconf 85' lang='lat' dir='ltr'>the</span> 
     </span>
     <span class='ocr_line' id='line_1_25' title="bbox 320 2446 2303 2516; baseline 0.01 -32"><span class='ocrx_word' id='word_1_242' title='bbox 320 2446 488 2488; x_wconf 89' lang='lat' dir='ltr'>incudes</span> <span class='ocrx_word' id='word_1_243' title='bbox 507 2452 750 2505; x_wconf 87' lang='lat' dir='ltr'>malleosque</span> <span class='ocrx_word' id='word_1_244' title='bbox 769 2456 920 2498; x_wconf 87' lang='lat' dir='ltr'>ferreos</span> <span class='ocrx_word' id='word_1_245' title='bbox 951 2459 1141 2511; x_wconf 86' lang='lat' dir='ltr'>frangens</span> <span class='ocrx_word' id='word_1_246' title='bbox 1172 2489 1183 2501; x_wconf 84' lang='lat'><strong>.</strong></span> <span class='ocrx_word' id='word_1_247' title='bbox 1217 2489 1227 2500; x_wconf 87' lang='lat'><strong>.</strong></span> <span class='ocrx_word' id='word_1_248' title='bbox 1259 2489 1271 2501; x_wconf 86' lang='lat'><strong>.</strong></span> <span class='ocrx_word' id='word_1_249' title='bbox 1326 2462 1537 2513; x_wconf 83' lang='lat' dir='ltr'>following</span> <span class='ocrx_word' id='word_1_250' title='bbox 1567 2463 1672 2502; x_wconf 88' lang='lat' dir='ltr'>lines</span> <span class='ocrx_word' id='word_1_251' title='bbox 1701 2475 1757 2503; x_wconf 90' lang='lat' dir='ltr'>on</span> <span class='ocrx_word' id='word_1_252' title='bbox 1788 2463 1874 2503; x_wconf 84' lang='lat' dir='ltr'>this</span> <span class='ocrx_word' id='word_1_253' title='bbox 1899 2462 2073 2514; x_wconf 81' lang='lat' dir='ltr'>subject,</span> <span class='ocrx_word' id='word_1_254' title='bbox 2094 2464 2303 2516; x_wconf 78' lang='lat' dir='ltr'>evidently</span> 
     </span>
     <span class='ocr_line' id='line_1_26' title="bbox 321 2517 1807 2583; baseline 0.013 -32"><span class='ocrx_word' id='word_1_255' title='bbox 321 2517 361 2552; x_wconf 89' lang='lat' dir='ltr'>et</span> <span class='ocrx_word' id='word_1_256' title='bbox 378 2526 470 2554; x_wconf 88' lang='lat' dir='ltr'>cum</span> <span class='ocrx_word' id='word_1_257' title='bbox 488 2517 659 2560; x_wconf 88' lang='lat' dir='ltr'>feliciter</span> <span class='ocrx_word' id='word_1_258' title='bbox 676 2534 863 2574; x_wconf 86' lang='lat' dir='ltr'>rumpere</span> <span class='ocrx_word' id='word_1_259' title='bbox 895 2527 1082 2579; x_wconf 76' lang='lat' dir='ltr'>contigit,</span> <span class='ocrx_word' id='word_1_260' title='bbox 1113 2528 1157 2567; x_wconf 87' lang='lat' dir='ltr'>in</span> <span class='ocrx_word' id='word_1_261' title='bbox 1188 2533 1272 2569; x_wconf 89' lang='lat' dir='ltr'>tam</span> <span class='ocrx_word' id='word_1_262' title='bbox 1327 2529 1452 2568; x_wconf 85' lang='lat' dir='ltr'>taken</span> <span class='ocrx_word' id='word_1_263' title='bbox 1471 2529 1581 2570; x_wconf 86' lang='lat' dir='ltr'>from</span> <span class='ocrx_word' id='word_1_264' title='bbox 1602 2531 1723 2583; x_wconf 87' lang='lat' dir='ltr'>Pliny</span> <span class='ocrx_word' id='word_1_265' title='bbox 1738 2546 1807 2570; x_wconf 87' lang='lat'>:—</span> 
     </span>
    </p>
   </div>
   <div class='ocr_carea' id='block_1_4' title="bbox 691 2617 1814 3280">
    <p class='ocr_par' dir='ltr' id='par_1_4' title="bbox 691 2617 1814 3280">
     <span class='ocr_line' id='line_1_27' title="bbox 691 2617 1814 2675; baseline 0.01 -20"><span class='ocrx_word' id='word_1_266' title='bbox 691 2619 719 2639; x_wconf 80' lang='lat'>⁴⁴</span> <span class='ocrx_word' id='word_1_267' title='bbox 742 2617 900 2658; x_wconf 85' lang='lat' dir='ltr'>Ultima</span> <span class='ocrx_word' id='word_1_268' title='bbox 916 2622 1166 2673; x_wconf 75' lang='lat' dir='ltr'>praecipuum</span> <span class='ocrx_word' id='word_1_269' title='bbox 1185 2637 1313 2675; x_wconf 89' lang='lat' dir='ltr'>genus</span> <span class='ocrx_word' id='word_1_270' title='bbox 1333 2625 1452 2665; x_wconf 91' lang='lat' dir='ltr'>India</span> <span class='ocrx_word' id='word_1_271' title='bbox 1469 2626 1550 2665; x_wconf 90' lang='lat' dir='ltr'>fert</span> <span class='ocrx_word' id='word_1_272' title='bbox 1572 2626 1814 2675; x_wconf 85' lang='lat' dir='ltr'>adamantis,</span> 
     </span>
     <span class='ocr_line' id='line_1_28' title="bbox 744 2684 1745 2743; baseline 0.01 -21"><span class='ocrx_word' id='word_1_273' title='bbox 744 2684 800 2723; x_wconf 87' lang='lat' dir='ltr'>Et</span> <span class='ocrx_word' id='word_1_274' title='bbox 818 2687 1084 2727; x_wconf 85' lang='lat' dir='ltr'>cristallorum</span> <span class='ocrx_word' id='word_1_275' title='bbox 1103 2694 1244 2729; x_wconf 84' lang='lat' dir='ltr'>natum</span> <span class='ocrx_word' id='word_1_276' title='bbox 1264 2695 1551 2743; x_wconf 86' lang='lat' dir='ltr'>sumptumque</span> <span class='ocrx_word' id='word_1_277' title='bbox 1569 2692 1745 2732; x_wconf 88' lang='lat' dir='ltr'>metallis</span> 
     </span>
     <span class='ocr_line' id='line_1_29' title="bbox 744 2750 1721 2810; baseline 0.01 -22"><span class='ocrx_word' id='word_1_278' title='bbox 744 2750 867 2791; x_wconf 90' lang='lat' dir='ltr'>Hunc</span> <span class='ocrx_word' id='word_1_279' title='bbox 884 2753 942 2792; x_wconf 88' lang='lat' dir='ltr'>ita</span> <span class='ocrx_word' id='word_1_280' title='bbox 958 2754 1181 2805; x_wconf 88' lang='lat' dir='ltr'>fulgentem</span> <span class='ocrx_word' id='word_1_281' title='bbox 1201 2758 1421 2797; x_wconf 84' lang='lat' dir='ltr'>cristallina</span> <span class='ocrx_word' id='word_1_282' title='bbox 1438 2759 1572 2798; x_wconf 87' lang='lat' dir='ltr'>reddit</span> <span class='ocrx_word' id='word_1_283' title='bbox 1590 2759 1721 2810; x_wconf 88' lang='lat' dir='ltr'>origo,</span> 
     </span>
     <span class='ocr_line' id='line_1_30' title="bbox 746 2817 1617 2871; baseline 0.01 -15"><span class='ocrx_word' id='word_1_284' title='bbox 746 2817 807 2856; x_wconf 90' lang='lat' dir='ltr'>Ut</span> <span class='ocrx_word' id='word_1_285' title='bbox 824 2819 1042 2871; x_wconf 83' lang='lat' dir='ltr'>ferruginei</span> <span class='ocrx_word' id='word_1_286' title='bbox 1060 2835 1143 2862; x_wconf 89' lang='lat' dir='ltr'>non</span> <span class='ocrx_word' id='word_1_287' title='bbox 1163 2824 1320 2864; x_wconf 89' lang='lat' dir='ltr'>desinat</span> <span class='ocrx_word' id='word_1_288' title='bbox 1337 2838 1426 2865; x_wconf 84' lang='lat' dir='ltr'>esse</span> <span class='ocrx_word' id='word_1_289' title='bbox 1444 2826 1617 2866; x_wconf 83' lang='lat' dir='ltr'>coloris:</span> 
     </span>
     <span class='ocr_line' id='line_1_31' title="bbox 746 2882 1651 2939; baseline 0.011 -17"><span class='ocrx_word' id='word_1_290' title='bbox 746 2882 875 2936; x_wconf 89' lang='lat' dir='ltr'>Cujus</span> <span class='ocrx_word' id='word_1_291' title='bbox 894 2887 1061 2928; x_wconf 89' lang='lat' dir='ltr'>durities</span> <span class='ocrx_word' id='word_1_292' title='bbox 1079 2890 1322 2930; x_wconf 87' lang='lat' dir='ltr'>solidissima</span> <span class='ocrx_word' id='word_1_293' title='bbox 1340 2892 1481 2931; x_wconf 89' lang='lat' dir='ltr'>cedere</span> <span class='ocrx_word' id='word_1_294' title='bbox 1507 2893 1651 2939; x_wconf 85' lang='lat' dir='ltr'>nescit,</span> 
     </span>
     <span class='ocr_line' id='line_1_32' title="bbox 746 2950 1761 3010; baseline 0.01 -21"><span class='ocrx_word' id='word_1_295' title='bbox 746 2950 911 2991; x_wconf 87' lang='lat' dir='ltr'>Ferrum</span> <span class='ocrx_word' id='word_1_296' title='bbox 931 2958 1194 2995; x_wconf 89' lang='lat' dir='ltr'>contemnens</span> <span class='ocrx_word' id='word_1_297' title='bbox 1213 2957 1406 3009; x_wconf 89' lang='lat' dir='ltr'>nulloque</span> <span class='ocrx_word' id='word_1_298' title='bbox 1425 2958 1635 2998; x_wconf 89' lang='lat' dir='ltr'>domabilis</span> <span class='ocrx_word' id='word_1_299' title='bbox 1652 2959 1761 3010; x_wconf 86' lang='lat' dir='ltr'>igne.</span> 
     </span>
     <span class='ocr_line' id='line_1_33' title="bbox 747 3017 1748 3074; baseline 0.007 -15"><span class='ocrx_word' id='word_1_300' title='bbox 747 3017 848 3059; x_wconf 79' lang='lat' dir='ltr'>Quae</span> <span class='ocrx_word' id='word_1_301' title='bbox 867 3024 1003 3060; x_wconf 81' lang='lat' dir='ltr'>tamen</span> <span class='ocrx_word' id='word_1_302' title='bbox 1021 3022 1179 3062; x_wconf 88' lang='lat' dir='ltr'>hircino</span> <span class='ocrx_word' id='word_1_303' title='bbox 1199 3024 1392 3064; x_wconf 88' lang='lat' dir='ltr'>calefacta</span> <span class='ocrx_word' id='word_1_304' title='bbox 1410 3038 1553 3066; x_wconf 88' lang='lat' dir='ltr'>cruore</span> <span class='ocrx_word' id='word_1_305' title='bbox 1570 3026 1748 3074; x_wconf 84' lang='lat' dir='ltr'>fatiscit;</span> 
     </span>
     <span class='ocr_line' id='line_1_34' title="bbox 744 3086 1631 3145; baseline 0.012 -22"><span class='ocrx_word' id='word_1_306' title='bbox 744 3086 909 3126; x_wconf 92' lang='lat' dir='ltr'>Incudis</span> <span class='ocrx_word' id='word_1_307' title='bbox 929 3088 1074 3129; x_wconf 85' lang='lat' dir='ltr'>damno</span> <span class='ocrx_word' id='word_1_308' title='bbox 1093 3103 1459 3145; x_wconf 89' lang='lat' dir='ltr'>percussorumque</span> <span class='ocrx_word' id='word_1_309' title='bbox 1478 3094 1631 3134; x_wconf 84' lang='lat' dir='ltr'>labore.</span> 
     </span>
     <span class='ocr_line' id='line_1_35' title="bbox 745 3153 1750 3212; baseline 0.011 -22"><span class='ocrx_word' id='word_1_310' title='bbox 745 3153 879 3204; x_wconf 91' lang='lat' dir='ltr'>Hujus</span> <span class='ocrx_word' id='word_1_311' title='bbox 898 3155 1135 3206; x_wconf 86' lang='lat' dir='ltr'>fragmentis</span> <span class='ocrx_word' id='word_1_312' title='bbox 1154 3171 1323 3208; x_wconf 83' lang='lat' dir='ltr'>gemmae</span> <span class='ocrx_word' id='word_1_313' title='bbox 1343 3161 1586 3212; x_wconf 89' lang='lat' dir='ltr'>sculpuntur</span> <span class='ocrx_word' id='word_1_314' title='bbox 1604 3161 1750 3202; x_wconf 89' lang='lat' dir='ltr'>acutis.</span> 
     </span>
     <span class='ocr_line' id='line_1_36' title="bbox 741 3220 1739 3280; baseline 0.007 -18"><span class='ocrx_word' id='word_1_315' title='bbox 741 3220 822 3262; x_wconf 87' lang='lat' dir='ltr'>Hic</span> <span class='ocrx_word' id='word_1_316' title='bbox 841 3222 910 3261; x_wconf 87' lang='lat' dir='ltr'>sed</span> <span class='ocrx_word' id='word_1_317' title='bbox 929 3224 1106 3264; x_wconf 86' lang='lat' dir='ltr'>avellana</span> <span class='ocrx_word' id='word_1_318' title='bbox 1125 3226 1252 3277; x_wconf 86' lang='lat' dir='ltr'>major</span> <span class='ocrx_word' id='word_1_319' title='bbox 1270 3239 1375 3268; x_wconf 89' lang='lat' dir='ltr'>nuce</span> <span class='ocrx_word' id='word_1_320' title='bbox 1394 3240 1478 3268; x_wconf 90' lang='lat' dir='ltr'>non</span> <span class='ocrx_word' id='word_1_321' title='bbox 1492 3228 1739 3280; x_wconf 84' lang='lat' dir='ltr'>reperitur.&#39;&#39;</span> 
     </span>
    </p>
   </div>
   <div class='ocr_carea' id='block_1_5' title="bbox 1568 3322 2298 3376">
    <p class='ocr_par' dir='ltr' id='par_1_5' title="bbox 1568 3322 2298 3376">
     <span class='ocr_line' id='line_1_37' title="bbox 1568 3322 2298 3376; baseline 0.005 -14"><span class='ocrx_word' id='word_1_322' title='bbox 1568 3322 1761 3363; x_wconf 84' lang='lat' dir='ltr'>Marbodi</span> <span class='ocrx_word' id='word_1_323' title='bbox 1780 3323 1905 3365; x_wconf 89' lang='lat' dir='ltr'>Liber</span> <span class='ocrx_word' id='word_1_324' title='bbox 1924 3325 1974 3366; x_wconf 85' lang='lat' dir='ltr'>de</span> <span class='ocrx_word' id='word_1_325' title='bbox 1995 3324 2192 3376; x_wconf 85' lang='lat' dir='ltr'>Gemmis,</span> <span class='ocrx_word' id='word_1_326' title='bbox 2215 3330 2237 3375; x_wconf 59' lang='grc' dir='ltr'>ὁ</span> <span class='ocrx_word' id='word_1_327' title='bbox 2261 3331 2298 3367; x_wconf 88' lang='lat' dir='ltr'>l.</span> 
     </span>
    </p>
   </div>
  </div>
 </body>
</html>
