2638 3860
357 367 461 419 Cap.
481 363 730 415 XX.—xxii.]
975 361 1053 397 DE
1095 362 1280 399 NUGIS
1320 363 1698 400 CURIALIUM.
2269 354 2335 401 95

336 493 517 545 dinare
542 490 736 560 ignavo
762 489 878 543 viro
898 489 951 541 in
982 489 1146 542 domo
1175 489 1449 560 sapientis·
1488 492 1630 543 Tum
1655 491 1744 544 ille
1765 509 1889 544 cum
1914 508 2111 561 magno
2137 491 2341 561 gemitu

332 578 424 643 ait,
453 578 695 630 Pessima
719 576 954 640 foemina,
985 594 1097 627 non
1131 576 1502 645 perhendin03
1545 583 1600 628 et
1640 576 1810 629 exiliit
1850 594 1973 628 curn
2016 576 2217 643 lancea,
2243 596 2344 630 nec

330 664 488 734 potui
526 682 651 715 eum
676 662 979 715 revocare.’'
1053 661 1154 714 Vir
1180 680 1237 715 se
1266 662 1516 714 delusum
1543 661 1727 714 dicens
1746 662 1922 732 ipsam
1944 681 2042 714 sua
2057 663 2348 716 transfodit

332 750 534 814 lancea,
561 757 616 802 et
646 767 771 802 cum
803 747 1007 817 ejulatu
1039 746 1206 799 flebili
1241 747 1483 817 vestigiis
1519 747 1738 801 inhaesit
1761 748 2012 818 hospitiS,
2039 748 2238 818 diuque
2265 768 2349 802 se-

337 844 495 888 cutus
519 835 712 904 lupum
737 833 948 886 invenit
973 833 1231 895 occisum,
1258 840 1314 885 et
1338 840 1466 903 post
1498 834 1652 886 illum
1687 834 1826 887 circa
1866 835 2115 887 semitam
2147 853 2348 905 praece-

335 921 512 974 dentis
545 928 688 985 oct0,
725 927 781 972 et
814 919 1034 971 demum
1063 919 1306 971 lanceam
1340 919 1584 984 fractam,
1618 927 1747 989 post
1770 919 1892 973 haec
1916 920 2098 990 ipsum
2124 939 2156 973 a
2187 921 2348 992 longe

337 1007 615 1059 sedentem
634 1005 789 1071 vidit,
815 1023 1096 1074 unumque
1122 1005 1219 1057 sed
1238 1004 1535 1057 maximum
1554 1005 1745 1075 lupum
1765 1005 1872 1075 ipsi
1898 1006 1965 1058 de
1990 1007 2240 1077 proximo
2264 1009 2348 1060 in-

338 1092 605 1145 silientem
649 1109 812 1160 quem
847 1089 1190 1159 sequebatur.
1282 1090 1425 1142 Tum
1458 1090 1547 1142 ille
1586 1108 1881 1160 properans
1917 1091 2096 1162 abegit
2138 1094 2348 1164 lupum,

334 1178 672 1248 pedibusque
690 1175 923 1245 hospitis
944 1175 1027 1227 sui
1046 1175 1367 1244 provolutus
1385 1176 1600 1228 veniam
1628 1176 1730 1228 sibi
1750 1177 1817 1228 de
1838 1178 2021 1230 uxoris
2043 1179 2238 1232 delicto
2255 1199 2351 1250 pe-

340 1265 426 1329 tit,
444 1281 696 1316 enarrans
713 1262 780 1314 ab
797 1262 887 1314 illa
902 1261 1185 1314 ultionem.
1218 1261 1318 1314 Ille
1335 1262 1499 1315 miser
1515 1261 1738 1314 omnino
1756 1263 2016 1316 examinis
2033 1266 2143 1318 fere
2157 1266 2348 1335 lupum

338 1350 529 1402 videns
556 1355 932 1419 expectantem
953 1348 1085 1418 quid
1104 1347 1274 1413 fieret,
1295 1351 1331 1378 “
1350 1348 1530 1413 Hoc,''
1545 1348 1740 1418 inquit,
1768 1352 1803 1378 ‘⁶
1821 1348 1917 1401 tibi
1945 1358 2106 1420 pacto
2132 1370 2268 1404 meae
2292 1360 2347 1405 te

339 1435 528 1487 mortis
548 1434 845 1487 immunem
866 1435 1123 1500 concedO,
1142 1442 1206 1487 ut
1230 1442 1285 1487 te
1305 1434 1433 1487 hinc
1455 1436 1585 1487 dum
1612 1435 1741 1505 quid
1767 1435 1901 1487 mihi
1926 1436 2122 1489 virium
2148 1448 2203 1491 et
2226 1440 2352 1492 vitae

346 1528 591 1591 superest
616 1538 885 1585 amoveaS,
914 1519 1166 1590 quatinus
1191 1519 1248 1571 in
1274 1520 1495 1573 incursu
1523 1521 1640 1591 lupi
1667 1521 1758 1590 qui
1791 1522 1926 1574 mihi
1959 1530 2071 1574 tam
2104 1523 2351 1594 improbe

347 1606 499 1677 quasi
519 1605 790 1658 adhaerere
821 1604 1037 1657 videtur
1060 1604 1243 1674 ipsum
1268 1605 1566 1659 interficere
1585 1607 1845 1677 possim.'’
1923 1608 2158 1661 Secessit
2190 1610 2354 1678 igitur

345 1693 402 1744 in
428 1699 637 1761 partem
662 1698 901 1760 rogatUS,
927 1698 983 1742 et
1005 1691 1168 1760 lupus
1193 1690 1249 1742 in
1274 1691 1617 1744 vulneratum
1642 1692 1815 1757 irruit,
1850 1701 1906 1746 et
1931 1694 1998 1746 ab
2024 1694 2144 1764 ipso
2170 1695 2354 1748 lancea

341 1777 633 1831 transfixus
653 1784 737 1829 est
762 1794 924 1845 quam
950 1776 1000 1829 ei
1026 1777 1462 1830 commodaverat
1488 1778 1579 1848 qui
1598 1778 1824 1831 astabat.
1901 1779 2237 1833 Seminecem
2256 1782 2354 1851 igi-

341 1871 431 1915 tur
456 1863 679 1915 domum
706 1880 891 1915 secum
914 1863 1152 1915 referens
1177 1863 1451 1933 hospitem
1476 1864 1696 1933 hospes,
1721 1865 1882 1934 paulo
1916 1874 2046 1935 post
2077 1875 2354 1919 mortuum

343 1948 607 2019 sepelivit.
684 1948 821 2000 Haec
864 1947 969 2000 fuit
1002 1948 1112 2000 odii
1158 1948 1332 2018 prima
1366 1967 1527 2001 causa
1558 1949 1701 2002 inter
1741 1952 2113 2021 generationes
2152 1953 2263 2005 vivi
2303 1961 2359 2006 et

346 2034 567 2099 mortui,
605 2041 661 2086 et
684 2033 909 2086 ultionis
945 2041 1149 2086 mutuae
1183 2053 1356 2104 usque
1388 2035 1447 2087 in
1476 2035 1800 2089 hodiernum
1836 2037 2033 2090 diem.*
2109 2037 2357 2109 Cumque

348 2128 598 2189 parentes
632 2118 743 2171 vivi
775 2119 891 2171 sine
927 2120 1086 2189 culpa
1117 2120 1244 2185 sint,
1273 2121 1389 2173 sine
1423 2121 1698 2192 vituperio
1724 2141 1838 2175 non
1859 2132 2005 2190 sunt,
2033 2123 2103 2177 ob
2139 2143 2356 2178 causam

352 2206 508 2257 factae
536 2204 859 2273 suspicionis
877 2212 933 2257 et
946 2205 1232 2274 puerulum
1253 2207 1437 2259 uxoris
1452 2207 1668 2260 invidae.
1694 2209 1770 2261 Et
1786 2209 1909 2278 quia
1925 2210 1991 2262 de
2007 2210 2356 2262 Walensibus

352 2308 527 2343 sermo
555 2290 714 2359 cepit,
739 2289 922 2343 veniat
945 2289 1004 2342 in
1028 2290 1269 2343 medium
1289 2292 1553 2362 judicium
1581 2293 1675 2345 diu
1699 2293 1842 2346 inter
1867 2313 1960 2347 eos
1995 2295 2281 2364 quaesitum
2302 2303 2358 2348 et

348 2375 500 2429 tarde
519 2376 862 2446 productum.

882 2563 965 2613 De
989 2563 1208 2614 Luelino
1233 2579 1354 2630 φερε
1385 2561 1628 2617 Walensi.
1702 2564 1832 2618 xxii.

423 2707 543 2759 Rex
567 2703 779 2758 Walliae
806 2704 1089 2770 LuelinuS,
1116 2704 1200 2757 vir
1223 2705 1425 2758 infidus
1450 2713 1514 2758 ut
1538 2707 1648 2759 fere
1675 2725 1865 2760 omnes
1901 2708 2209 2761 decessores
2237 2710 2353 2779 ejus

354 2800 410 2844 et
433 2791 658 2862 posteri,
681 2808 908 2843 uxorem
932 2790 1168 2844 habebat
1185 2792 1619 2862 pulcherrimam,
1641 2812 1803 2862 quam
1821 2794 2195 2847 vehementius
2216 2814 2362 2848 ama-

352 2877 449 2928 bat
491 2895 653 2946 quam
688 2884 958 2929 amaretur
998 2876 1065 2929 ab
1109 2876 1246 2947 ipsa,
1279 2879 1426 2930 unde
1467 2897 1523 2931 se
1558 2886 1737 2931 totum
1783 2880 2010 2933 armavit
2044 2880 2101 2932 in
2137 2881 2361 2933 insidias

356 2961 619 3014 castitatis
662 2961 828 3026 illius,
855 2969 910 3014 et
952 2962 1404 3032 suspiciosissima
1443 2964 1695 3034 zelotipia
1738 2965 1993 3018 decoctus
2037 2966 2174 3017 nihil
2217 2966 2363 3019 aliud

359 3045 551 3116 agebat
576 3064 737 3115 quam
767 3053 833 3098 ut
867 3064 980 3099 non
1018 3054 1327 3117 tangeretur
1360 3048 1427 3101 ab
1462 3049 1585 3102 alio·
1662 3050 1915 3104 Pervenit
1954 3051 2022 3103 ad
2061 3070 2186 3104 eum
2222 3052 2362 3105 forte

414 3182 440 3208 *
468 3182 568 3221 This
588 3182 623 3221 is
642 3194 666 3220 a
685 3181 866 3233 singular
883 3181 1068 3221 instance
1088 3182 1134 3221 of
1157 3183 1228 3222 the
1248 3183 1331 3222 ori·
1387 3183 1540 3223 istence
1560 3184 1607 3223 of
1625 3185 1725 3224 such
1745 3198 1769 3224 a
1784 3189 1935 3237 system
1947 3199 2092 3239 proves
2108 3188 2178 3227 the
2192 3188 2365 3229 absence

360 3251 432 3302 gin
448 3251 527 3289 and
547 3250 818 3302 propagation
837 3250 884 3289 of
906 3250 977 3290 the
1005 3250 1123 3290 feuds
1153 3251 1200 3290 of
1224 3251 1335 3291 clans
1390 3251 1437 3291 of
1452 3252 1698 3293 civilization
1718 3267 1867 3307 among
1878 3255 1948 3296 the
1960 3256 2105 3309 people
2118 3257 2216 3297 with
2232 3258 2365 3298 whom

362 3331 510 3371 among
542 3318 764 3359 barbarous
790 3318 966 3359 nations.
1023 3317 1112 3359 The
1139 3331 1237 3371 very
1265 3331 1335 3359 ex·
1391 3319 1426 3360 it
1445 3321 1666 3373 prevailed.
