2638 3860
295 330 396 380 Cap.
427 329 514 379 xv.]
942 328 1018 363 DE
1056 327 1237 363 Noms
1279 327 1655 364 CURIAIAUM.
2176 313 2273 371 187

267 488 498 535 scaccOS,
525 478 580 522 et
606 469 830 522 obtento
857 470 985 521 ludo
1025 488 1186 539 super
1212 470 1532 522 scaccarium
1574 468 1826 539 genitalia
1852 475 1906 520 et
1932 468 2116 520 oculos
2150 486 2274 537 pro-

258 554 396 624 jicit,
424 556 607 608 dicens
635 556 779 625 quod
823 556 889 607 ab
930 556 1049 625 ipsa
1087 556 1361 620 didicerat,
1407 559 1442 585 ‘⁶
1460 556 1609 608 Filiae
1637 555 1754 608 orbi
1781 555 1901 607 dico
1927 555 2090 607 mat.'’
2168 554 2273 606 His

266 641 414 706 visiS,
442 643 632 694 edocta
667 643 848 712 virago
876 643 1005 712 quid
1031 643 1333 711 contigerit,
1367 642 1493 695 licet
1518 642 1567 694 ei
1593 642 1914 712 procellatur
1939 642 2007 693 ad
2042 648 2274 693 mortem

269 729 498 793 animus,
536 729 878 782 serenissimo
904 730 1025 782 visu
1055 730 1296 782 laetitiam
1325 730 1508 782 dicens
1552 730 1770 781 simulat
1807 729 2087 780 dominum
2115 747 2273 780 suum

268 816 648 869 facetissimam
674 816 863 869 fecisse
896 817 1183 886 justitiam,
1225 825 1281 869 et
1318 817 1444 870 licet
1469 836 1622 870 mens
1661 817 1777 886 ejus
1805 816 1944 869 votis
1970 815 2179 868 nisibus
2206 815 2275 866 ad

267 901 561 954 vindictam
587 911 839 967 armetur,
867 903 1001 955 nihil
1026 903 1251 956 internae
1279 904 1691 956 machinationis
1718 903 1846 955 foris
1874 920 2127 972 apparere
2152 919 2274 972 per-

269 988 453 1041 mittit.
530 990 664 1041 Erat
689 998 871 1041 autem
904 989 1114 1042 hisdem
1158 989 1495 1059 temporibus
1542 1008 1724 1042 comes
1751 989 2016 1040 Nannetti
2044 988 2272 1051 HoeIUS,

270 1081 325 1126 et
356 1074 572 1143 juvenis
609 1082 663 1126 et
693 1076 963 1126 formosus
1016 1082 1070 1126 et
1113 1082 1384 1139 strenUUS,
1424 1074 1515 1143 qui
1558 1093 1681 1126 cum
1725 1074 1774 1126 ei
1815 1073 2016 1143 absque
2057 1073 2273 1143 negotio

268 1160 477 1228 placere
504 1167 708 1229 posset,
736 1179 799 1212 eo
837 1161 952 1212 solo
990 1160 1263 1229 perplacet
1301 1179 1407 1230 quo
1445 1160 1571 1212 inde
1597 1160 1830 1229 Wigano
1856 1178 2049 1212 nocere
2075 1168 2274 1229 potest,

268 1244 555 1313 missisque
580 1245 791 1297 nunciis
818 1245 874 1296 in
900 1264 1071 1297 unum
1098 1253 1295 1297 coeunt
1318 1245 1618 1315 iniquitatis
1645 1244 1902 1309 animum,
1922 1245 2012 1297 illa
2036 1245 2277 1309 ultioniS,

268 1329 356 1381 ille
383 1332 636 1396 avaritiae,
675 1332 985 1401 cupiditatis
1024 1341 1266 1402 uterque.
1344 1333 1412 1384 Se
1450 1332 1680 1384 invicem
1726 1340 1780 1383 et
1821 1332 2138 1384 alterutrum
2181 1350 2277 1383 sua

271 1417 490 1485 capiunt
520 1426 857 1487 mortemque
896 1417 1130 1485 Wigani.
1209 1417 1434 1468 Fallitur
1475 1435 1599 1486 ergo
1641 1417 1803 1469 miser
1829 1426 1883 1469 et
1909 1417 1975 1469 ab
2011 1418 2128 1488 ipsa
2154 1418 2279 1469 mit-

270 1503 404 1553 titur
428 1503 483 1554 in
512 1504 654 1566 dolo,
682 1503 834 1572 quasi
860 1503 1020 1555 rebus
1050 1504 1160 1554 suis
1188 1522 1307 1573 quae
1334 1504 1400 1554 ad
1427 1503 1562 1555 fines
1594 1504 1815 1556 Naineti
1840 1512 2070 1573 vergunt
2096 1504 2277 1573 dispo-

272 1587 489 1651 siturus,
517 1596 572 1639 et
604 1589 938 1640 interficitur.
1015 1587 1264 1658 Occupat
1304 1588 1514 1640 Hoelus
1557 1589 1755 1653 omnia,
1796 1598 1851 1640 et
1892 1608 2044 1640 suam
2077 1590 2277 1641 faciens

272 1673 420 1725 ducit
461 1674 1023 1742 alienam,'filiamque
1070 1681 1374 1743 susceptam
1417 1674 1483 1726 ab
1527 1674 1646 1743 ipsa
1689 1675 1859 1727 nobili
1900 1676 2016 1728 viro
2057 1675 2277 1727 nomine

272 1757 481 1828 Ilispon
520 1760 716 1828 nuptui
756 1759 936 1823 tradit,
977 1767 1031 1811 et
1073 1767 1201 1828 post
1238 1778 1409 1812 annos
1437 1760 1641 1830 aliquot
1679 1761 1850 1812 filium
1885 1780 1952 1814 ex
1992 1780 2054 1813 ea
2092 1761 2280 1830 genuit

270 1862 430 1912 quem
458 1844 594 1895 dixit
621 1844 984 1908 Salomonem,
1025 1852 1079 1896 et
1105 1852 1352 1896 mortuus
1378 1853 1477 1898 est.
1557 1847 1829 1899 Successit
1866 1848 1914 1900 ei
1957 1847 2183 1917 Ilispon,
2224 1855 2280 1900 et

268 1931 503 1982 violenta
545 1930 822 1982 invasione
857 1929 959 1982 toti
999 1930 1308 1982 dominatur
1350 1931 1663 1996 Britanniae,
1704 1932 1793 2001 qui
1826 1951 1893 1984 ne
1919 1932 2028 1983 ulla
2065 1940 2280 1985 maneat

267 2015 595 2067 haereditatis
636 2016 919 2080 calumnia,
956 2015 1301 2068 Salomonem
1330 2017 1571 2070 occidere
1598 2017 1806 2087 quaerit,
1847 2018 1999 2087 cujus
2026 2019 2277 2071 misertus

269 2101 351 2152 vir
391 2101 587 2153 nobilis
629 2111 684 2153 et
727 2102 936 2153 illarum
980 2102 1216 2171 partium
1256 2102 1602 2155 fidelissimus
1656 2104 1873 2165 Henno,
1927 2112 2140 2174 raptum
2186 2105 2279 2157 ab-

272 2187 485 2238 scondit
526 2187 853 2238 infantulum
900 2187 1041 2238 inter
1084 2188 1301 2256 popinae
1349 2207 1459 2240 suae
1500 2207 1701 2253 servos,
1753 2198 1814 2240 ut
1857 2191 1996 2241 inter
2045 2191 2276 2242 humiles

271 2273 484 2324 educati
528 2273 837 2325 conditione
884 2272 1096 2337 servuli,
1143 2282 1422 2342 statusque
1462 2274 1667 2326 vilitate
1719 2276 1993 2343 sanguinis
2045 2276 2274 2328 altitudo

271 2359 495 2411 veletur.
572 2358 852 2411 Nutricius
906 2359 1053 2410 hunc
1099 2359 1244 2410 solus
1297 2378 1419 2411 cum
1466 2360 1579 2411 sola
1624 2378 1719 2411 sua
1764 2361 2056 2429 cognoscit.
2134 2361 2276 2414 Cum

271 2451 450 2495 autem
478 2451 624 2495 esset
659 2461 923 2494 annorum
968 2443 1291 2512 quindecim,
1319 2454 1374 2497 et
1410 2445 1638 2514 fugisset
1677 2464 1804 2514 aper
1844 2466 1873 2496 a
1910 2447 2275 2511 venatoribUS,

271 2529 478 2598 Ilispon
500 2529 648 2580 misit
676 2547 732 2580 se
748 2530 884 2580 forte
910 2529 965 2579 in
983 2530 1343 2599 lucum‘juxta
1367 2531 1625 2600 popinam
1642 2531 1696 2582 in
1719 2550 1821 2600 qua
1840 2532 2272 2584 commorabatur

272 2613 547 2666 Salomon.
622 2613 870 2665 Exiliunt
886 2614 951 2665 ad
980 2633 1171 2666 canum
1192 2616 1364 2685 jubila
1388 2617 1587 2668 Henno
1615 2625 1669 2669 et
1688 2617 1886 2668 familia
1912 2636 2024 2682 sua,
2046 2636 2273 2688 cumque

270 2699 679 2751 circumstarent
705 2719 827 2751 cum
853 2701 1217 2766 venatoribus,
1244 2710 1299 2754 et
1322 2721 1482 2755 nemo
1510 2720 1605 2772 per
1630 2702 1904 2754 audaciam
1925 2714 2275 2771 praesumeret

271 2786 340 2836 ad
367 2804 555 2854 aprum
581 2785 805 2854 ingredi,
834 2786 989 2838 irruit
1013 2787 1068 2838 in
1096 2806 1286 2856 aprum
1326 2788 1580 2840 Salomon
1607 2788 1788 2840 tunica
1813 2788 1953 2840 foeda
1992 2790 2085 2840 sed
2122 2791 2278 2843 vultu

271 2871 434 2934 bon0,
469 2871 747 2939 palliolum
788 2872 993 2923 habens
1020 2872 1075 2923 in
1104 2873 1320 2924 sinistra
1358 2873 1634 2925 cultellum
1661 2873 1716 2924 in
1744 2875 1961 2926 dextera
2002 2875 2273 2928 modicum

271 2965 327 3009 et
375 2956 706 3008 involantem
743 2956 800 3007 in
841 2975 914 3023 se,
953 2958 1162 3010 fortiter
1203 2958 1429 3028 suscipit
1467 2959 1698 3023 sinistra,
1736 2959 1989 3011 interficit
2039 2961 2274 3026 dextera,

274 3041 639 3111 spectaculum
690 3041 756 3093 de
806 3061 974 3111 puero
1026 3044 1243 3112 quidem
1294 3045 1591 3096 formosum
1642 3052 1697 3096 et
1746 3045 1801 3096 in
1866 3046 2273 3099 admirationem

272 3125 512 3178 omnium
570 3125 783 3178 cedens,
868 3127 1018 3178 Dum
1069 3146 1195 3197 ergo
1258 3147 1369 3198 prae
1432 3130 1800 3198 magnitudine
1864 3131 1979 3200 apri
2041 3139 2158 3183 tum
2209 3133 2276 3184 ad

270 3212 452 3281 ipsum
497 3219 612 3262 tum
659 3211 726 3262 ad
770 3230 998 3280 puerum
1038 3231 1226 3265 omnes
1265 3213 1674 3266 intenderentur
1719 3215 1875 3279 oculi,
1917 3217 2128 3269 vocavit
2152 3235 2277 3269 eum

271 3299 325 3349 in
377 3307 585 3367 partem
637 3306 862 3350 venator
914 3316 1095 3364 senex,
1148 3300 1236 3368 qui
1285 3319 1407 3352 cum
1454 3308 1604 3369 patre
1646 3300 1817 3370 ipsius
1853 3303 2044 3368 fuerat,
2077 3323 2283 3356 nomen
