2638 3860
345 403 411 450 10
1052 400 1362 441 GUAL'rnm
1402 391 1610 438 M'Arns
2027 396 2225 450 [Distinc.
2246 396 2286 436 Ι.

418 538 552 589 Haec
578 535 642 588 de
667 533 809 587 curia
833 550 951 603 quae
973 529 1202 583 vidimus
1227 533 1502 579 testamur.
1577 522 1998 577 obvolutionem
2040 530 2219 575 autem
2244 521 2323 591 iga

345 622 513 686 nium,
563 619 876 672 densitatem
930 614 1283 675 tenebrarum,
1340 608 1623 661 fluminum
1661 609 1923 672 foetorem,
1968 608 2250 660 stridorem
2294 624 2326 656 a

349 704 679 757 daemonibus
705 718 951 769 magnum
978 697 1235 759 dentium,
1262 693 1483 746 semitus
1509 692 1672 744 exiles
1698 699 1753 743 et
1777 691 2103 746 miserabiles
2142 710 2172 742 a
2216 690 2325 760 spi-

349 789 538 840 ritibus
581 785 766 848 anxiiS‚
805 783 1043 835 omnium
1079 780 1379 849 viperarum
1419 784 1474 829 et
1513 775 1767 844 anguium
1806 783 1862 828 et
1901 775 2077 826 omnis
2116 775 2324 844 reptilis

350 880 548 925 tractus
573 870 761 932 foedOS,
787 875 841 919 et
865 865 1068 934 rugitus
1093 863 1305 932 impios,
1331 863 1592 924 foetorem,
1617 860 1911 929 planctum,
1937 866 1992 911 et
2033 859 2327 924 horrorem,

350 974 446 1026 per
487 954 690 1022 singula
733 952 776 1003 si
818 968 912 1020 per
954 949 1253 1017 allegoriam
1293 946 1492 1015 aperire
1535 945 1712 1008 velim,
1766 943 1823 995 in
1884 943 2171 996 curialibus
2214 964 2326 998 non

353 1041 546 1092 desunt
570 1037 700 1088 mihi
725 1033 1149 1104 significationes,
1177 1032 1271 1083 sed
1294 1030 1547 1098 longioris
1576 1036 1701 1080 sunt
1725 1028 1983 1097 temporis
2010 1049 2170 1099 quam
2195 1030 2329 1083 mihi

355 1141 535 1175 vacare
559 1122 785 1174 videam.
861 1118 967 1170 Sed
993 1117 1150 1168 curiae
1175 1133 1387 1185 parcere
1414 1114 1605 1166 curiale
1647 1114 1887 1179 videtur3
1934 1123 1989 1166 et
2027 1115 2221 1166 sufficit
2263 1134 2331 1168 ex

353 1208 456 1259 hiis
485 1205 774 1258 secundum
801 1203 966 1254 dictas
986 1201 1298 1253 concludere
1321 1199 1570 1262 rationeS,
1597 1199 1741 1267 quod
1766 1198 1909 1250 curia
1931 1199 2080 1251 locus
2106 1201 2331 1269 poenalis

358 1299 456 1343 est.
529 1292 655 1342 Non
682 1290 799 1340 dico
825 1296 1002 1339 tamen
1029 1285 1172 1354 quod
1196 1285 1451 1347 infernuS,
1478 1283 1622 1352 quod
1646 1301 1755 1334 non
1795 1283 2049 1352 sequitur,
2088 1285 2181 1336 sed
2222 1285 2331 1337 fere

357 1383 561 1427 tantam
603 1373 765 1425 habet
803 1372 869 1423 ad
906 1371 1085 1439 ipsum
1121 1368 1522 1420 similitudinem
1567 1374 1819 1435 quantam
1862 1367 1985 1436 equi
2023 1368 2223 1420 sermm
2267 1372 2335 1422 ad

359 1477 524 1527 equae.
597 1458 713 1510 Nec
736 1473 1021 1525 possumus
1046 1454 1102 1504 in
1134 1453 1407 1504 dominum
1448 1459 1503 1503 et
1536 1459 1797 1503 rectorem
1835 1459 2081 1505 nostrum
2124 1456 2336 1524 culpam

358 1544 652 1605 refundere,
710 1559 831 1592 cum
868 1539 1002 1590 nihil
1037 1539 1093 1589 in
1137 1538 1340 1589 mundo
1383 1537 1623 1606 quietum
1686 1537 1773 1600 sit,
1834 1555 1935 1589 nec
2001 1539 2108 1590 ulla
2161 1541 2336 1608 possit

359 1627 619 1696 quispiam
647 1626 738 1675 diu
762 1622 1140 1691 tranquillitate
1165 1621 1348 1684 laetari,
1386 1622 1506 1672 Deo
1531 1620 1587 1671 in
1626 1619 1847 1688 singulis
1892 1630 2202 1690 argumenta
2240 1643 2339 1693 po-

358 1719 534 1771 nente,
564 1709 707 1778 quod
730 1726 839 1759 non
866 1708 935 1758 sit
958 1707 1044 1758 hic
1069 1706 1351 1774 quaerenda
1374 1722 1623 1756 mansura
1647 1703 1850 1768 civitaS‚
1876 1723 1999 1756 cum
2023 1704 2184 1756 etiam
2226 1724 2339 1757 non

362 1796 432 1847 sit
463 1804 624 1847 tantae
651 1793 922 1861 sapientiae
947 1791 1028 1843 vir
1053 1792 1143 1860 qui
1168 1790 1262 1842 uni
1288 1790 1387 1841 soli
1414 1789 1488 1841 sic
1512 1789 1687 1857 possit
1711 1789 2018 1857 dispensare
2045 1790 2246 1855 domui,
2275 1798 2340 1842 ut

361 1876 532 1945 ipsam
558 1895 666 1927 non
682 1877 868 1945 aliquis
891 1876 1167 1945 perturbet
1182 1893 1342 1927 error.
1405 1875 1524 1942 Ego
1550 1873 1694 1924 enim
1721 1874 1919 1926 modici
1933 1875 2083 1927 verni
2098 1877 2130 1909 ²*
2155 1876 2340 1928 mode-

362 1968 505 2011 rator
531 1979 666 2025 sum,
692 1970 746 2013 et
771 1969 949 2012 tamen
964 1961 1105 2011 illius
1122 1959 1344 2011 modicae
1369 1958 1581 2009 familiae
1597 1976 1730 2010 meae
1749 1959 1897 2011 frena
1914 1968 2096 2012 tenere
2115 1979 2339 2030 nequeo.

366 2044 614 2096 Studium
640 2063 819 2096 meum
845 2053 926 2096 est
951 2045 1218 2113 quomodo
1243 2061 1466 2113 possum
1504 2042 1754 2094 omnibus
1795 2044 2067 2111 prodesse,
2101 2063 2168 2097 ne
2212 2046 2342 2115 quid

365 2128 441 2179 eis
466 2129 522 2179 in
548 2128 665 2179 cibo
686 2136 739 2180 et
764 2136 898 2197 potu
920 2129 1006 2182 vel
1030 2136 1177 2181 veste
1203 2127 1428 2179 deficiat.
1505 2127 1755 2196 Ipsorum
1798 2135 1977 2180 autem
2021 2137 2105 2182 est
2148 2131 2342 2184 sollici-

365 2213 498 2264 tudo
518 2213 691 2264 modis
708 2213 954 2264 omnibus
971 2213 1250 2281 exculpere
1267 2213 1331 2264 de
1347 2229 1465 2263 mea
1481 2211 1780 2263 substantia
1794 2214 1938 2280 quod
1956 2232 2106 2266 suam
2123 2224 2313 2285 augeat
2328 2238 2344 2283 3

368 2297 615 2365 quicquid
638 2304 883 2348 nostrum
910 2305 992 2348 est
1021 2298 1163 2365 quod
1186 2296 1375 2361 habeo,
1402 2314 1587 2348 eorum
1613 2297 1836 2365 quisque
1881 2316 2056 2351 suum.
2132 2300 2190 2352 Si
2215 2302 2346 2370 quid

367 2381 619 2431 adversus
645 2381 871 2448 aliquem
895 2399 1016 2433 vere
1044 2381 1243 2441 dixero,
1268 2390 1427 2450 negat
1452 2389 1507 2433 et
1541 2380 1705 2432 habet
1747 2381 2051 2450 complices,
2127 2382 2186 2434 Si
2225 2384 2345 2452 quis

367 2465 498 2517 mihi
524 2466 589 2517 de
613 2465 808 2516 familia
832 2465 984 2517 testis
1010 2473 1108 2530 est,
1134 2466 1462 2518 adulatorem
1500 2466 1702 2530 dicunt,
1742 2468 1777 2495 ‘⁶
1797 2465 1918 2517 Stas
1945 2485 2067 2518 cum
2094 2468 2347 2534 domin03

368 2549 606 2601 mentiris
631 2557 694 2600 ut
718 2549 766 2600 ei
790 2550 1013 2617 placeas,
1049 2551 1194 2602 unde
1220 2551 1359 2603 dona
1398 2569 1494 2602 sua
1529 2549 1783 2615 mereris3
1821 2559 1876 2601 at
1915 2559 2057 2603 certe
2100 2571 2201 2604 nos
2243 2554 2350 2622 ipsi

370 2651 580 2686 veraces
606 2634 819 2696 erimUS,
845 2634 946 2686 etsi
975 2635 1347 2703 displiceamus
1390 2637 1455 2687 ad
1498 2635 1740 2686 horam.”
1814 2635 1949 2686 Haec
1991 2654 2078 2688 me
2115 2638 2353 2691 stridunt

374 2717 637 2769 audiente.
712 2717 857 2770 Quid
883 2735 1005 2786 ergo
1030 2718 1093 2769 fit
1116 2718 1165 2770 ei
1188 2719 1275 2771 vel
1300 2718 1494 2770 dicitur
1520 2736 1779 2783 seorsum,
1800 2725 1942 2770 certe
1967 2725 2078 2770 tam
2102 2720 2279 2773 viliter
2298 2730 2353 2775 et

376 2801 578 2869 dejecte
619 2801 943 2862 tractabitur,
988 2802 1132 2869 quod
1164 2803 1356 2854 exinde
1393 2802 1673 2855 veritatem
1711 2802 1966 2853 horrebit.
2040 2803 2129 2855 Illi
2170 2813 2353 2859 autem

376 2884 448 2934 im
456 2883 815 2936 misericordes
842 2883 1142 2936 debitorum
1161 2903 1402 2937 meorum
1421 2893 1477 2938 et
1494 2885 1730 2950 foenoriS‚
1748 2893 1990 2939 ventrem
2030 2905 2188 2940 suum
2231 2891 2353 2942 dor-

380 2986 601 3036 sumque
645 2969 711 3021 de
752 2987 871 3021 meo
914 2969 1120 3038 placare
1163 2971 1511 3023 contendunt.
1586 2971 1654 3023 In
1697 2971 1773 3024 eis
1829 2972 1917 3024 ille
1960 2972 2206 3025 laudatur
2263 2975 2356 3044 qui

382 3052 656 3103 dominum
680 3053 871 3121 perdit,
900 3061 962 3104 ut
987 3071 1139 3106 servo
1163 3055 1335 3123 prosit
1358 3062 1413 3106 et
1437 3055 1503 3107 de
1528 3056 1673 3108 fideli
1698 3057 1944 3109 sodalitio
1969 3058 2226 3126 probatur
2240 3079 2256 3124 ;
2301 3066 2358 3111 et

384 3135 474 3203 qui
492 3137 796 3188 mentiendo
822 3137 1087 3205 deceperit
1109 3136 1248 3190 inter
1271 3138 1401 3190 alios
1426 3139 1580 3205 ridet,
1611 3141 1732 3211 quia
1769 3142 1956 3195 derisit
1980 3142 2260 3194 dominum
2296 3152 2359 3196 ut

440 3256 465 3282 *
495 3257 546 3295 In
573 3258 643 3296 the
674 3259 767 3298 MS.
795 3262 829 3299 it
855 3261 890 3300 is
918 3262 1021 3300 u'ni.
1077 3262 1118 3300 It
1145 3275 1313 3314 appears
1347 3265 1435 3304 that
1460 3265 1495 3304 it
1525 3265 1656 3316 might
1686 3265 1738 3306 be
1768 3265 1864 3305 read
1893 3266 1991 3314 m'ii,
2021 3266 2154 3306 which
2185 3279 2277 3319 may
2307 3268 2356 3308 be

388 3333 411 3360 a
429 3324 679 3363 contractiori
696 3325 743 3364 of
756 3328 925 3365 manerii
943 3339 990 3365 or
1007 3330 1254 3379 monasterii.
