2638 3860
311 295 413 347 Cap.
434 293 550 345 xxv]
927 293 1006 326 DE
1047 290 1231 327 Nnols
1274 289 1648 326 CURIALIUM.
2222 276 2286 338 55

280 427 416 472 tum.
493 420 711 471 Horum
752 436 863 470 non
904 418 975 470 sit
999 417 1275 482 memoria,
1303 416 1428 486 quia
1469 415 1580 468 doli
1613 414 1771 467 faceti
1807 420 1954 479 sunt,
2000 420 2056 466 et
2091 420 2154 465 ut
2187 413 2293 482 ipsi

286 504 495 556 dabunt
536 503 695 555 bonae
738 503 1056 556 intentionis
1097 522 1277 574 opera,
1327 521 1439 555 non
1483 502 1626 554 enim
1671 503 1775 554 hoc
1818 501 2023 553 faciunt
2071 508 2134 552 ut
2177 500 2294 551 aliis

283 597 532 654 noceant,
558 589 653 642 sed
679 596 741 641 ut
775 589 878 641 sibi
904 589 1130 659 prosint.
1196 589 1338 641 Cum
1364 596 1547 641 tamen
1574 588 1828 641 omnibus
1855 587 2031 640 modis
2048 585 2296 656 AEgyptii

287 675 556 745 spoliandi
583 674 709 739 sint,
746 674 863 726 haec
901 682 1043 727 certe
1068 674 1278 727 venalia
1313 682 1443 726 sunt
1475 674 1531 726 in
1565 681 1836 744 respectU,
1872 691 1990 742 quae
2029 672 2144 724 sine
2172 691 2295 723 san-

285 760 447 830 guine
480 759 691 812 recitari
721 759 991 824 videntur,
1030 768 1086 812 et
1120 760 1299 811 minus
1334 761 1588 824 horrent3
1629 759 1726 811 sed
1762 759 1819 810 in
1845 758 2078 827 virgulto
2105 758 2295 810 Wlan-

292 846 432 897 stine
483 844 886 914 suspenderunt
928 845 1270 916 AEgyptium,
1329 852 1386 897 et
1440 844 1740 896 imitatores
1777 844 1964 914 Moysi
2000 843 2298 896 absconde-

289 940 419 984 runt
451 931 508 983 in
551 931 770 983 sabulo:
810 931 1097 1000 irrepserat
1136 932 1204 983 ad
1241 949 1405 1001 poma
1439 930 1603 982 miser
1636 937 1699 982 ut
1740 930 1952 982 sedaret
1987 930 2203 994 famem,
2242 936 2298 982 et

289 1017 497 1070 invenit
528 1017 768 1086 requiem
805 1023 1061 1069 aeternam
1097 1016 1163 1068 ab
1203 1035 1265 1068 ea
1297 1034 1395 1085 per
1419 1034 1614 1067 manus
1643 1017 1887 1068 fratrum.
1966 1016 2091 1069 Hoc
2116 1035 2147 1068 a
2171 1034 2299 1086 pos-

290 1102 419 1154 teris
446 1120 634 1155 eorum
658 1118 770 1152 non
796 1108 879 1152 est
905 1101 1207 1166 celandum,
1235 1100 1488 1170 quatinus
1509 1100 1834 1152 abhorreant
1859 1107 1914 1153 et
1938 1107 2243 1170 temperent
2268 1120 2300 1153 a

289 1187 506 1252 talibus,
548 1187 594 1238 si
625 1186 860 1239 viderint
899 1186 1170 1256 expedire.
1244 1187 1500 1239 Vicinum
1539 1186 1813 1238 habebant
1854 1187 2043 1239 fratres
2077 1186 2299 1239 Hebraei

293 1274 521 1325 militem
546 1272 887 1342 AEgyptium,
926 1281 982 1326 et
1014 1273 1071 1325 in
1105 1281 1257 1343 parte
1295 1273 1407 1343 agri
1434 1273 1517 1324 sui
1544 1273 1904 1337 considerant,
1932 1291 2091 1342 quem
2117 1280 2300 1325 tamen

293 1378 392 1412 nec
418 1378 575 1429 prece
600 1377 701 1411 nec
726 1359 901 1428 pretio
928 1368 1154 1430 possent
1180 1377 1462 1424 amovere3
1489 1359 1657 1411 misso
1683 1359 1958 1429 proditore
1979 1360 2046 1411 ad
2072 1359 2301 1411 militem

296 1446 396 1497 sub
450 1443 626 1514 specie
675 1443 909 1512 hospitis
959 1463 1059 1514 pro
1106 1444 1344 1508 Christo,
1389 1444 1456 1496 ab
1506 1444 1626 1513 ipso
1677 1445 1973 1498 intromissi
2025 1446 2091 1498 de
2140 1453 2302 1498 nocte

294 1529 499 1599 peplati
525 1548 648 1581 cum
674 1528 863 1597 gladiis
899 1538 955 1582 et
978 1529 1233 1594 fustibus,
1275 1529 1547 1581 irruerunt
1586 1530 1927 1600 AEgyptium,
1975 1549 2136 1600 quem
2177 1550 2302 1584 cum

295 1615 477 1667 liberis
515 1622 570 1666 et
606 1613 806 1665 familia
843 1622 959 1667 tota
995 1622 1190 1684 praeter
1230 1632 1453 1666 uxorem
1492 1633 1663 1679 suam,
1708 1633 1871 1684 quam
1908 1614 2025 1685 ipse
2064 1616 2305 1668 defendit

299 1718 423 1751 cum
442 1699 553 1750 filio
579 1699 811 1750 lactente
838 1698 968 1748 dum
997 1705 1136 1749 stare
1163 1697 1350 1748 datum
1377 1703 1462 1765 est
1484 1704 1548 1748 ut
1573 1697 1880 1761 evaderent,
1901 1696 2303 1752 interfecerunt.

298 1785 401 1836 Illa
424 1783 568 1852 fugit⁴
600 1784 667 1834 ad
691 1790 946 1852 patruum
982 1799 1160 1845 suum,
1194 1781 1295 1832 iter
1333 1781 1492 1833 unius
1529 1780 1652 1846 diei,
1691 1782 1784 1851 qui
1816 1781 2007 1834 vicinis
2034 1790 2089 1835 et
2112 1802 2306 1852 paren-

298 1870 446 1923 tibus
485 1868 665 1921 ascitis
711 1868 796 1920 die
840 1867 998 1919 tertia
1037 1867 1188 1919 venit
1231 1866 1299 1918 ad
1342 1867 1541 1932 locum,
1585 1868 1643 1919 in
1687 1886 1793 1937 quo
1834 1868 2142 1938 frequenter
2182 1889 2306 1922 cum

302 1956 488 2008 amicis
533 1961 876 2018 convenerat,
928 1960 983 2005 et
1045 1952 1141 2004 ubi
1193 1951 1422 2004 scierant
1464 1952 1705 2018 aedificia,
1759 1972 1933 2023 sepeS,
1984 1962 2039 2007 et
2087 1955 2305 2008 arbores

303 2059 543 2110 magnaS,
569 2039 946 2109 planissimum
963 2037 1170 2091 invenit
1186 2046 1240 2090 et
1258 2037 1397 2090 bene
1419 2045 1627 2090 aratum
1649 2058 1918 2109 campum,
1940 2047 1995 2092 et
2013 2041 2216 2092 nullam
2232 2041 2309 2093 rei

302 2127 557 2177 humanae
583 2124 971 2193 apparentiam,
991 2132 1046 2175 et
1070 2142 1182 2175 non
1207 2123 1435 2193 vestigia
1460 2125 1584 2193 quia
1609 2144 1720 2177 non
1737 2134 1912 2190 erant3
1934 2127 2029 2178 sed
2045 2127 2306 2196 suspicio-

302 2230 429 2263 nem
457 2218 692 2274 secutUS,
718 2209 990 2279 ingressus
1016 2209 1282 2262 violenter
1310 2216 1542 2278 portam,
1565 2228 1684 2279 quae
1711 2229 1821 2262 non
1846 2211 1990 2263 ultro
2017 2219 2199 2281 aperta
2225 2219 2310 2264 est

304 2296 400 2359 eiS,
434 2294 572 2346 vidit
610 2294 826 2346 arbores
865 2293 1122 2346 radicitus
1165 2294 1378 2345 avulsas
1418 2294 1476 2345 in
1519 2312 1714 2363 magna
1755 2295 1926 2346 frusta
1969 2295 2228 2360 concisaS,
2255 2303 2310 2347 et

306 2382 452 2452 quod
478 2388 603 2432 ante
629 2379 926 2432 crediderat
952 2378 1125 2430 sciens
1146 2378 1356 2447 judices
1384 2378 1592 2431 detulit.
1671 2379 1826 2431 Uxor
1852 2386 2034 2431 autem
2060 2380 2309 2449 AEgyptii

305 2469 486 2539 plures
532 2482 602 2518 ex
649 2463 898 2516 Hebraeis
942 2482 1009 2515 ex
1047 2463 1267 2516 nomine
1310 2464 1628 2533 designavit,
1678 2464 1965 2533 ipsumque
2008 2465 2309 2533 praesertim

304 2554 502 2606 laicum
529 2550 619 2621 qui
647 2550 868 2602 domum
896 2556 1192 2618 aperuerat.
1271 2549 1378 2601 Hic
1405 2568 1436 2601 a
1468 2549 1741 2619 judicibus
1769 2549 2155 2618 apprehensuS,
2191 2550 2309 2619 lege

310 2638 582 2708 deperitus
622 2654 790 2705 aquae,
817 2636 1203 2704 confessusque
1228 2634 1502 2703 praedicta,
1531 2633 1795 2686 Hebraeos
1822 2633 1914 2702 qui
1947 2633 2049 2686 hoc
2075 2635 2312 2686 fecerant

309 2721 616 2792 expressius
643 2719 960 2784 nominavit,
987 2719 1244 2788 adjiciens
1272 2720 1418 2788 quod
1442 2719 1623 2789 ipsum
1648 2719 1752 2771 hoc
1778 2726 1936 2788 pacto
1963 2718 2030 2770 ab
2058 2718 2310 2771 omnibus

307 2808 480 2879 pactis
522 2804 808 2875 praeteritis
849 2804 906 2855 in
945 2803 1037 2856 illo
1078 2804 1332 2873 praesenti
1358 2812 1412 2856 et
1438 2804 1689 2857 omnibus
1715 2803 1908 2856 futuris
1935 2802 2312 2869 absolvissent,

310 2903 366 2946 et
390 2893 570 2961 ipsum
599 2891 664 2943 de
691 2897 883 2942 caetero
909 2908 1009 2942 nec
1035 2908 1173 2959 aqua
1198 2908 1297 2942 nec
1321 2889 1444 2959 igne
1469 2909 1569 2943 nec
1595 2890 1755 2942 armis
1782 2890 1953 2959 perire
1986 2907 2147 2957 posse
2183 2908 2313 2941 con-

313 2985 516 3030 stanter
534 2977 827 3044 jurassent.
905 2975 1215 3043 Suspensus
1242 2993 1367 3044 ergo
1393 2975 1578 3027 infelix
1602 2992 1788 3043 poenas
1816 2972 2058 3025 omnium
2090 2973 2231 3038 tulit,
2258 2981 2314 3025 et

311 3064 417 3134 ipsi
458 3061 664 3114 domini
703 3060 840 3129 regis
879 3060 1106 3112 Henrici
1139 3060 1358 3112 arbitrio
1393 3078 1491 3129 pro
1531 3058 1829 3110 reverentia
1857 3056 2061 3110 Christi
2099 3076 2312 3109 manere

308 3148 568 3220 jubentur
626 3143 795 3197 illaesi.
891 3144 1112 3196 Hebraei
1173 3145 1389 3213 quidem
1441 3144 1506 3196 de
1558 3143 1839 3195 Belanda*
1889 3143 2005 3196 haec
2054 3143 2313 3196 fecerunt.

952 3271 977 3297 ²¹²
1006 3269 1168 3321 Byland
1187 3268 1346 3320 Abbey,
1376 3269 1420 3308 in
1438 3268 1679 3308 Yorkshire.
