<?xml version="1.0" encoding="UTF-8"?>
<!DOCTYPE html PUBLIC "-//W3C//DTD XHTML 1.0 Transitional//EN"
    "http://www.w3.org/TR/xhtml1/DTD/xhtml1-transitional.dtd">
<html xmlns="http://www.w3.org/1999/xhtml" xml:lang="en" lang="en">
 <head>
  <title>
</title>
<meta http-equiv="Content-Type" content="text/html;charset=utf-8" />
  <meta name='ocr-system' content='tesseract 3.04.00' />
  <meta name='ocr-capabilities' content='ocr_page ocr_carea ocr_par ocr_line ocrx_word'/>
</head>
<body>
  <div class='ocr_page' id='page_1' title='image "./gualterimapes00camduoft/gualterimapes00camduoft_0037.png"; bbox 0 0 2638 3860; ppageno 0'>
   <div class='ocr_carea' id='block_1_1' title="bbox 274 284 2252 356">
    <p class='ocr_par' dir='ltr' id='par_1_1' title="bbox 274 284 2252 356">
     <span class='ocr_line' id='line_1_1' title="bbox 274 284 2252 356; baseline -0.005 -12"><span class='ocrx_word' id='word_1_1' title='bbox 274 305 374 356; x_wconf 77' lang='lat' dir='ltr'>cap.</span> <span class='ocrx_word' id='word_1_2' title='bbox 395 305 487 355; x_wconf 55' lang='grc' dir='ltr'>κὴ]</span> <span class='ocrx_word' id='word_1_3' title='bbox 889 302 966 337; x_wconf 79' lang='lat' dir='ltr'>DE</span> <span class='ocrx_word' id='word_1_4' title='bbox 1009 301 1191 337; x_wconf 78' lang='lat' dir='ltr'>NUG1s</span> <span class='ocrx_word' id='word_1_5' title='bbox 1233 301 1609 339; x_wconf 80' lang='lat' dir='ltr'><strong>CURIALIUM.</strong></span> <span class='ocrx_word' id='word_1_6' title='bbox 2187 284 2252 344; x_wconf 83' lang='lat'>17</span> 
     </span>
    </p>
   </div>
   <div class='ocr_carea' id='block_1_2' title="bbox 195 426 2255 1953">
    <p class='ocr_par' dir='ltr' id='par_1_2' title="bbox 195 426 2255 1953">
     <span class='ocr_line' id='line_1_2' title="bbox 243 426 2254 499; baseline -0.001 -17"><span class='ocrx_word' id='word_1_7' title='bbox 243 431 447 482; x_wconf 52' lang='lat' dir='ltr'>annis*</span> <span class='ocrx_word' id='word_1_8' title='bbox 484 430 588 482; x_wconf 92' lang='lat' dir='ltr'>hoc</span> <span class='ocrx_word' id='word_1_9' title='bbox 625 447 851 499; x_wconf 88' lang='lat' dir='ltr'>regnum</span> <span class='ocrx_word' id='word_1_10' title='bbox 889 429 1268 499; x_wconf 85' lang='lat' dir='ltr'>possederunt,</span> <span class='ocrx_word' id='word_1_11' title='bbox 1307 429 1546 499; x_wconf 85' lang='lat' dir='ltr'>expulsis</span> <span class='ocrx_word' id='word_1_12' title='bbox 1583 426 1830 481; x_wconf 47' lang='lat' dir='ltr'>incolis?</span> <span class='ocrx_word' id='word_1_13' title='bbox 1905 427 2254 498; x_wconf 85' lang='lat' dir='ltr'>Stupefactus</span> 
     </span>
     <span class='ocr_line' id='line_1_3' title="bbox 242 513 2255 584; baseline -0.001 -17"><span class='ocrx_word' id='word_1_14' title='bbox 242 533 367 584; x_wconf 86' lang='lat' dir='ltr'>ergo</span> <span class='ocrx_word' id='word_1_15' title='bbox 393 533 504 579; x_wconf 81' lang='lat' dir='ltr'>rex,</span> <span class='ocrx_word' id='word_1_16' title='bbox 532 515 624 583; x_wconf 90' lang='lat' dir='ltr'>qui</span> <span class='ocrx_word' id='word_1_17' title='bbox 649 533 746 584; x_wconf 91' lang='lat' dir='ltr'>per</span> <span class='ocrx_word' id='word_1_18' title='bbox 772 515 943 566; x_wconf 91' lang='lat' dir='ltr'>solum</span> <span class='ocrx_word' id='word_1_19' title='bbox 985 514 1226 565; x_wconf 89' lang='lat' dir='ltr'>triduum</span> <span class='ocrx_word' id='word_1_20' title='bbox 1253 533 1460 566; x_wconf 89' lang='lat' dir='ltr'>moram</span> <span class='ocrx_word' id='word_1_21' title='bbox 1486 514 1677 567; x_wconf 86' lang='lat' dir='ltr'>fecisse</span> <span class='ocrx_word' id='word_1_22' title='bbox 1702 514 1948 583; x_wconf 80' lang='lat' dir='ltr'>putabat,</span> <span class='ocrx_word' id='word_1_23' title='bbox 1978 514 2070 565; x_wconf 86' lang='lat' dir='ltr'>vix</span> <span class='ocrx_word' id='word_1_24' title='bbox 2094 513 2255 565; x_wconf 83' lang='lat' dir='ltr'>haesit</span> 
     </span>
     <span class='ocr_line' id='line_1_4' title="bbox 240 600 2251 670; baseline -0.001 -18"><span class='ocrx_word' id='word_1_25' title='bbox 240 618 396 670; x_wconf 80' lang='lat' dir='ltr'>equo,</span> <span class='ocrx_word' id='word_1_26' title='bbox 426 600 659 654; x_wconf 73' lang='lat' dir='ltr'>Quidam</span> <span class='ocrx_word' id='word_1_27' title='bbox 678 610 858 652; x_wconf 92' lang='lat' dir='ltr'>autem</span> <span class='ocrx_word' id='word_1_28' title='bbox 877 619 943 652; x_wconf 85' lang='lat' dir='ltr'>ex</span> <span class='ocrx_word' id='word_1_29' title='bbox 961 600 1118 652; x_wconf 88' lang='lat' dir='ltr'>sociis</span> <span class='ocrx_word' id='word_1_30' title='bbox 1136 600 1247 651; x_wconf 89' lang='lat' dir='ltr'>suis</span> <span class='ocrx_word' id='word_1_31' title='bbox 1264 608 1389 653; x_wconf 90' lang='lat' dir='ltr'>ante</span> <span class='ocrx_word' id='word_1_32' title='bbox 1406 600 1552 653; x_wconf 89' lang='lat' dir='ltr'>canis</span> <span class='ocrx_word' id='word_1_33' title='bbox 1570 601 1888 653; x_wconf 86' lang='lat' dir='ltr'><strong>descensum</strong></span> <span class='ocrx_word' id='word_1_34' title='bbox 1906 600 2251 652; x_wconf 86' lang='lat' dir='ltr'>immemores</span> 
     </span>
     <span class='ocr_line' id='line_1_5' title="bbox 241 683 2254 756; baseline -0.001 -18"><span class='ocrx_word' id='word_1_35' title='bbox 241 687 618 738; x_wconf 88' lang='lat' dir='ltr'>mandatorum</span> <span class='ocrx_word' id='word_1_36' title='bbox 644 685 878 756; x_wconf 81' lang='lat' dir='ltr'>pygmaei</span> <span class='ocrx_word' id='word_1_37' title='bbox 905 685 1315 750; x_wconf 82' lang='lat' dir='ltr'>descenderunt,</span> <span class='ocrx_word' id='word_1_38' title='bbox 1342 694 1397 738; x_wconf 93' lang='lat' dir='ltr'>et</span> <span class='ocrx_word' id='word_1_39' title='bbox 1420 686 1478 737; x_wconf 90' lang='lat' dir='ltr'>in</span> <span class='ocrx_word' id='word_1_40' title='bbox 1498 687 1777 755; x_wconf 89' lang='lat' dir='ltr'>pulverem</span> <span class='ocrx_word' id='word_1_41' title='bbox 1812 685 1994 738; x_wconf 88' lang='lat' dir='ltr'>statim</span> <span class='ocrx_word' id='word_1_42' title='bbox 2028 683 2254 738; x_wconf 86' lang='lat' dir='ltr'>resoluti</span> 
     </span>
     <span class='ocr_line' id='line_1_6' title="bbox 243 769 2254 841; baseline -0.001 -18"><span class='ocrx_word' id='word_1_43' title='bbox 243 779 388 823; x_wconf 89' lang='lat' dir='ltr'>sunt.</span> <span class='ocrx_word' id='word_1_44' title='bbox 465 773 583 824; x_wconf 82' lang='lat' dir='ltr'>Rex</span> <span class='ocrx_word' id='word_1_45' title='bbox 608 790 736 824; x_wconf 89' lang='lat' dir='ltr'>vero</span> <span class='ocrx_word' id='word_1_46' title='bbox 774 772 1038 823; x_wconf 88' lang='lat' dir='ltr'>rationem</span> <span class='ocrx_word' id='word_1_47' title='bbox 1065 772 1180 840; x_wconf 87' lang='lat' dir='ltr'>ejus</span> <span class='ocrx_word' id='word_1_48' title='bbox 1220 771 1526 841; x_wconf 84' lang='lat' dir='ltr'>intelligens</span> <span class='ocrx_word' id='word_1_49' title='bbox 1563 770 1928 835; x_wconf 82' lang='lat' dir='ltr'>resolutioniS,</span> <span class='ocrx_word' id='word_1_50' title='bbox 1972 769 2254 840; x_wconf 87' lang='lat' dir='ltr'>prohibuit</span> 
     </span>
     <span class='ocr_line' id='line_1_7' title="bbox 242 854 2247 924; baseline 0 -17"><span class='ocrx_word' id='word_1_51' title='bbox 242 856 342 908; x_wconf 90' lang='lat' dir='ltr'>sub</span> <span class='ocrx_word' id='word_1_52' title='bbox 368 857 805 909; x_wconf 82' lang='lat' dir='ltr'>interminatione</span> <span class='ocrx_word' id='word_1_53' title='bbox 831 857 1019 909; x_wconf 90' lang='lat' dir='ltr'>mortis</span> <span class='ocrx_word' id='word_1_54' title='bbox 1046 855 1340 908; x_wconf 91' lang='lat' dir='ltr'>consimilis</span> <span class='ocrx_word' id='word_1_55' title='bbox 1366 873 1435 907; x_wconf 88' lang='lat' dir='ltr'>ne</span> <span class='ocrx_word' id='word_1_56' title='bbox 1462 854 1580 924; x_wconf 88' lang='lat' dir='ltr'>quis</span> <span class='ocrx_word' id='word_1_57' title='bbox 1608 862 1733 907; x_wconf 90' lang='lat' dir='ltr'>ante</span> <span class='ocrx_word' id='word_1_58' title='bbox 1760 855 1906 907; x_wconf 88' lang='lat' dir='ltr'>canis</span> <span class='ocrx_word' id='word_1_59' title='bbox 1929 855 2247 908; x_wconf 88' lang='lat' dir='ltr'>descensum</span> 
     </span>
     <span class='ocr_line' id='line_1_8' title="bbox 241 941 2254 1011; baseline 0 -19"><span class='ocrx_word' id='word_1_60' title='bbox 241 949 440 994; x_wconf 90' lang='lat' dir='ltr'>terram</span> <span class='ocrx_word' id='word_1_61' title='bbox 468 944 818 1011; x_wconf 88' lang='lat' dir='ltr'>contingeret.</span> <span class='ocrx_word' id='word_1_62' title='bbox 895 941 1060 993; x_wconf 87' lang='lat' dir='ltr'>Canis</span> <span class='ocrx_word' id='word_1_63' title='bbox 1081 948 1262 992; x_wconf 88' lang='lat' dir='ltr'>autem</span> <span class='ocrx_word' id='word_1_64' title='bbox 1281 941 1526 992; x_wconf 91' lang='lat' dir='ltr'>nondum</span> <span class='ocrx_word' id='word_1_65' title='bbox 1554 941 1850 992; x_wconf 89' lang='lat' dir='ltr'>descendit.</span> <span class='ocrx_word' id='word_1_66' title='bbox 1930 941 2055 994; x_wconf 90' lang='lat' dir='ltr'>Una</span> <span class='ocrx_word' id='word_1_67' title='bbox 2073 941 2254 994; x_wconf 87' lang='lat' dir='ltr'>fabula</span> 
     </span>
     <span class='ocr_line' id='line_1_9' title="bbox 242 1025 2251 1095; baseline 0 -16"><span class='ocrx_word' id='word_1_68' title='bbox 242 1028 334 1079; x_wconf 91' lang='lat' dir='ltr'>dat</span> <span class='ocrx_word' id='word_1_69' title='bbox 358 1028 510 1080; x_wconf 93' lang='lat' dir='ltr'>illum</span> <span class='ocrx_word' id='word_1_70' title='bbox 540 1028 763 1080; x_wconf 89' lang='lat' dir='ltr'>Herlam</span> <span class='ocrx_word' id='word_1_71' title='bbox 788 1044 968 1095; x_wconf 86' lang='lat' dir='ltr'>regem</span> <span class='ocrx_word' id='word_1_72' title='bbox 995 1043 1171 1077; x_wconf 92' lang='lat' dir='ltr'>errore</span> <span class='ocrx_word' id='word_1_73' title='bbox 1199 1042 1412 1094; x_wconf 89' lang='lat' dir='ltr'>semper</span> <span class='ocrx_word' id='word_1_74' title='bbox 1435 1025 1649 1076; x_wconf 91' lang='lat' dir='ltr'>infinito</span> <span class='ocrx_word' id='word_1_75' title='bbox 1690 1025 1945 1077; x_wconf 81' lang='lat' dir='ltr'>circuitus</span> <span class='ocrx_word' id='word_1_76' title='bbox 1991 1045 2115 1078; x_wconf 88' lang='lat' dir='ltr'>cum</span> <span class='ocrx_word' id='word_1_77' title='bbox 2159 1045 2251 1079; x_wconf 87' lang='lat' dir='ltr'>ex-</span> 
     </span>
     <span class='ocr_line' id='line_1_10' title="bbox 241 1109 2254 1177; baseline -0 -13"><span class='ocrx_word' id='word_1_78' title='bbox 241 1113 411 1165; x_wconf 92' lang='lat' dir='ltr'>ercitu</span> <span class='ocrx_word' id='word_1_79' title='bbox 438 1131 536 1164; x_wconf 86' lang='lat' dir='ltr'>suo</span> <span class='ocrx_word' id='word_1_80' title='bbox 563 1120 745 1163; x_wconf 92' lang='lat' dir='ltr'>tenere</span> <span class='ocrx_word' id='word_1_81' title='bbox 770 1128 1002 1162; x_wconf 86' lang='lat' dir='ltr'>vesanos</span> <span class='ocrx_word' id='word_1_82' title='bbox 1049 1109 1163 1161; x_wconf 90' lang='lat' dir='ltr'>sine</span> <span class='ocrx_word' id='word_1_83' title='bbox 1209 1109 1386 1177; x_wconf 89' lang='lat' dir='ltr'>quiete</span> <span class='ocrx_word' id='word_1_84' title='bbox 1425 1109 1513 1162; x_wconf 89' lang='lat' dir='ltr'>vel</span> <span class='ocrx_word' id='word_1_85' title='bbox 1556 1109 1863 1162; x_wconf 80' lang='lat' dir='ltr'>residentia.</span> <span class='ocrx_word' id='word_1_86' title='bbox 1939 1111 2110 1163; x_wconf 90' lang='lat' dir='ltr'>Multi</span> <span class='ocrx_word' id='word_1_87' title='bbox 2149 1113 2254 1164; x_wconf 87' lang='lat' dir='ltr'>fre-</span> 
     </span>
     <span class='ocr_line' id='line_1_11' title="bbox 237 1195 2253 1268; baseline -0.001 -18"><span class='ocrx_word' id='word_1_88' title='bbox 237 1207 464 1268; x_wconf 90' lang='lat' dir='ltr'>quenter</span> <span class='ocrx_word' id='word_1_89' title='bbox 487 1198 658 1262; x_wconf 84' lang='lat' dir='ltr'>illum,</span> <span class='ocrx_word' id='word_1_90' title='bbox 685 1204 747 1248; x_wconf 91' lang='lat' dir='ltr'>ut</span> <span class='ocrx_word' id='word_1_91' title='bbox 787 1203 1088 1259; x_wconf 81' lang='lat' dir='ltr'>autumant,</span> <span class='ocrx_word' id='word_1_92' title='bbox 1115 1195 1409 1247; x_wconf 87' lang='lat' dir='ltr'>exercitum</span> <span class='ocrx_word' id='word_1_93' title='bbox 1452 1195 1721 1248; x_wconf 90' lang='lat' dir='ltr'>viderunt.</span> <span class='ocrx_word' id='word_1_94' title='bbox 1799 1196 2010 1249; x_wconf 90' lang='lat' dir='ltr'>Ultimo</span> <span class='ocrx_word' id='word_1_95' title='bbox 2050 1204 2253 1261; x_wconf 89' lang='lat' dir='ltr'>tamen,</span> 
     </span>
     <span class='ocr_line' id='line_1_12' title="bbox 195 1279 2255 1350; baseline -0 -15"><span class='ocrx_word' id='word_1_96' title='bbox 195 1302 198 1306; x_wconf 81' lang='grc'>’</span> <span class='ocrx_word' id='word_1_97' title='bbox 237 1291 302 1335; x_wconf 91' lang='lat' dir='ltr'>ut</span> <span class='ocrx_word' id='word_1_98' title='bbox 351 1284 521 1348; x_wconf 81' lang='lat' dir='ltr'>aiunt,</span> <span class='ocrx_word' id='word_1_99' title='bbox 548 1301 691 1334; x_wconf 90' lang='lat' dir='ltr'>anno</span> <span class='ocrx_word' id='word_1_100' title='bbox 732 1281 907 1350; x_wconf 91' lang='lat' dir='ltr'>primo</span> <span class='ocrx_word' id='word_1_101' title='bbox 950 1279 1313 1332; x_wconf 84' lang='lat' dir='ltr'>coronationis</span> <span class='ocrx_word' id='word_1_102' title='bbox 1354 1281 1527 1333; x_wconf 86' lang='lat' dir='ltr'>nostri</span> <span class='ocrx_word' id='word_1_103' title='bbox 1571 1281 1710 1350; x_wconf 85' lang='lat' dir='ltr'>regis</span> <span class='ocrx_word' id='word_1_104' title='bbox 1756 1282 1982 1334; x_wconf 88' lang='lat' dir='ltr'>Henrici</span> <span class='ocrx_word' id='word_1_105' title='bbox 2023 1282 2255 1335; x_wconf 86' lang='lat' dir='ltr'>cessavit</span> 
     </span>
     <span class='ocr_line' id='line_1_13' title="bbox 236 1354 2252 1439; baseline -0 -18"><span class='ocrx_word' id='word_1_106' title='bbox 236 1388 463 1439; x_wconf 85' lang='lat' dir='ltr'>regnum</span> <span class='ocrx_word' id='word_1_107' title='bbox 489 1376 740 1421; x_wconf 89' lang='lat' dir='ltr'>nostrum</span> <span class='ocrx_word' id='word_1_108' title='bbox 778 1366 1058 1420; x_wconf 87' lang='lat' dir='ltr'>celebriter</span> <span class='ocrx_word' id='word_1_109' title='bbox 1100 1372 1163 1417; x_wconf 91' lang='lat' dir='ltr'>ut</span> <span class='ocrx_word' id='word_1_110' title='bbox 1201 1373 1326 1417; x_wconf 89' lang='lat' dir='ltr'>ante</span> <span class='ocrx_word' id='word_1_111' title='bbox 1370 1354 1611 1418; x_wconf 70' lang='lat' dir='ltr'>visitare.v</span> <span class='ocrx_word' id='word_1_112' title='bbox 1679 1367 1835 1420; x_wconf 88' lang='lat' dir='ltr'>Tunc</span> <span class='ocrx_word' id='word_1_113' title='bbox 1879 1375 2061 1420; x_wconf 91' lang='lat' dir='ltr'>autem</span> <span class='ocrx_word' id='word_1_114' title='bbox 2101 1368 2252 1420; x_wconf 89' lang='lat' dir='ltr'>visus</span> 
     </span>
     <span class='ocr_line' id='line_1_14' title="bbox 236 1453 2253 1522; baseline -0.002 -13"><span class='ocrx_word' id='word_1_115' title='bbox 236 1457 340 1508; x_wconf 87' lang='lat' dir='ltr'>fuit</span> <span class='ocrx_word' id='word_1_116' title='bbox 356 1476 386 1508; x_wconf 88' lang='lat' dir='ltr'>a</span> <span class='ocrx_word' id='word_1_117' title='bbox 405 1457 590 1508; x_wconf 87' lang='lat' dir='ltr'>multis</span> <span class='ocrx_word' id='word_1_118' title='bbox 607 1454 975 1507; x_wconf 87' lang='lat' dir='ltr'>Wallensibus</span> <span class='ocrx_word' id='word_1_119' title='bbox 991 1453 1237 1521; x_wconf 85' lang='lat' dir='ltr'>immergi</span> <span class='ocrx_word' id='word_1_120' title='bbox 1247 1454 1663 1522; x_wconf 87' lang='lat' dir='ltr'>juxtaWaiam†</span> <span class='ocrx_word' id='word_1_121' title='bbox 1676 1453 2012 1506; x_wconf 85' lang='lat' dir='ltr'>Herefordiae</span> <span class='ocrx_word' id='word_1_122' title='bbox 2031 1453 2253 1505; x_wconf 90' lang='lat' dir='ltr'>flumen.</span> 
     </span>
     <span class='ocr_line' id='line_1_15' title="bbox 242 1538 2253 1609; baseline -0.002 -14"><span class='ocrx_word' id='word_1_123' title='bbox 242 1543 463 1596; x_wconf 71' lang='lat' dir='ltr'>Quievit</span> <span class='ocrx_word' id='word_1_124' title='bbox 512 1550 693 1593; x_wconf 90' lang='lat' dir='ltr'>autem</span> <span class='ocrx_word' id='word_1_125' title='bbox 757 1539 823 1591; x_wconf 90' lang='lat' dir='ltr'>ab</span> <span class='ocrx_word' id='word_1_126' title='bbox 873 1540 963 1591; x_wconf 91' lang='lat' dir='ltr'>illa</span> <span class='ocrx_word' id='word_1_127' title='bbox 1010 1539 1144 1590; x_wconf 88' lang='lat' dir='ltr'>hora</span> <span class='ocrx_word' id='word_1_128' title='bbox 1184 1539 1502 1591; x_wconf 87' lang='lat' dir='ltr'>fantasticus</span> <span class='ocrx_word' id='word_1_129' title='bbox 1551 1539 1641 1591; x_wconf 92' lang='lat' dir='ltr'>ille</span> <span class='ocrx_word' id='word_1_130' title='bbox 1680 1538 1953 1603; x_wconf 78' lang='lat' dir='ltr'>circuitUS,</span> <span class='ocrx_word' id='word_1_131' title='bbox 1994 1547 2253 1609; x_wconf 86' lang='lat' dir='ltr'>tanquam</span> 
     </span>
     <span class='ocr_line' id='line_1_16' title="bbox 238 1622 2254 1692; baseline -0.001 -13"><span class='ocrx_word' id='word_1_132' title='bbox 238 1628 398 1680; x_wconf 88' lang='lat' dir='ltr'>nobis</span> <span class='ocrx_word' id='word_1_133' title='bbox 426 1646 553 1680; x_wconf 89' lang='lat' dir='ltr'>suos</span> <span class='ocrx_word' id='word_1_134' title='bbox 580 1625 899 1678; x_wconf 86' lang='lat' dir='ltr'>tradiderint</span> <span class='ocrx_word' id='word_1_135' title='bbox 924 1642 1148 1688; x_wconf 82' lang='lat' dir='ltr'>erroreS,</span> <span class='ocrx_word' id='word_1_136' title='bbox 1192 1623 1260 1674; x_wconf 91' lang='lat' dir='ltr'>ad</span> <span class='ocrx_word' id='word_1_137' title='bbox 1287 1623 1522 1692; x_wconf 90' lang='lat' dir='ltr'>quietem</span> <span class='ocrx_word' id='word_1_138' title='bbox 1564 1622 1684 1675; x_wconf 77' lang='lat' dir='ltr'>sibi,</span> <span class='ocrx_word' id='word_1_139' title='bbox 1761 1623 1869 1676; x_wconf 86' lang='lat' dir='ltr'>Sed</span> <span class='ocrx_word' id='word_1_140' title='bbox 1911 1624 1958 1675; x_wconf 85' lang='lat' dir='ltr'>si</span> <span class='ocrx_word' id='word_1_141' title='bbox 1998 1625 2132 1676; x_wconf 87' lang='lat' dir='ltr'>velis</span> <span class='ocrx_word' id='word_1_142' title='bbox 2174 1632 2254 1676; x_wconf 88' lang='lat' dir='ltr'>at-</span> 
     </span>
     <span class='ocr_line' id='line_1_17' title="bbox 237 1709 2254 1781; baseline -0.001 -17"><span class='ocrx_word' id='word_1_143' title='bbox 237 1713 458 1765; x_wconf 90' lang='lat' dir='ltr'>tendere</span> <span class='ocrx_word' id='word_1_144' title='bbox 485 1730 644 1781; x_wconf 89' lang='lat' dir='ltr'>quam</span> <span class='ocrx_word' id='word_1_145' title='bbox 671 1710 965 1779; x_wconf 89' lang='lat' dir='ltr'>plorandus</span> <span class='ocrx_word' id='word_1_146' title='bbox 991 1709 1105 1773; x_wconf 77' lang='lat' dir='ltr'>fiat,</span> <span class='ocrx_word' id='word_1_147' title='bbox 1130 1727 1242 1761; x_wconf 91' lang='lat' dir='ltr'>non</span> <span class='ocrx_word' id='word_1_148' title='bbox 1270 1709 1446 1760; x_wconf 90' lang='lat' dir='ltr'>solum</span> <span class='ocrx_word' id='word_1_149' title='bbox 1470 1709 1528 1760; x_wconf 89' lang='lat' dir='ltr'>in</span> <span class='ocrx_word' id='word_1_150' title='bbox 1569 1715 1756 1761; x_wconf 87' lang='lat' dir='ltr'>nostra</span> <span class='ocrx_word' id='word_1_151' title='bbox 1794 1710 1890 1761; x_wconf 90' lang='lat' dir='ltr'>sed</span> <span class='ocrx_word' id='word_1_152' title='bbox 1914 1709 1970 1760; x_wconf 91' lang='lat' dir='ltr'>in</span> <span class='ocrx_word' id='word_1_153' title='bbox 1998 1710 2254 1762; x_wconf 89' lang='lat' dir='ltr'>omnibus</span> 
     </span>
     <span class='ocr_line' id='line_1_18' title="bbox 236 1793 2255 1868; baseline -0.001 -16"><span class='ocrx_word' id='word_1_154' title='bbox 236 1801 346 1852; x_wconf 89' lang='lat' dir='ltr'>fere</span> <span class='ocrx_word' id='word_1_155' title='bbox 372 1804 658 1868; x_wconf 89' lang='lat' dir='ltr'>potentum</span> <span class='ocrx_word' id='word_1_156' title='bbox 685 1795 865 1859; x_wconf 81' lang='lat' dir='ltr'>curiiS,</span> <span class='ocrx_word' id='word_1_157' title='bbox 893 1794 1167 1846; x_wconf 89' lang='lat' dir='ltr'>silentium</span> <span class='ocrx_word' id='word_1_158' title='bbox 1193 1794 1326 1845; x_wconf 91' lang='lat' dir='ltr'>mihi</span> <span class='ocrx_word' id='word_1_159' title='bbox 1350 1793 1608 1846; x_wconf 89' lang='lat' dir='ltr'>libentius</span> <span class='ocrx_word' id='word_1_160' title='bbox 1652 1803 1709 1846; x_wconf 94' lang='lat' dir='ltr'>et</span> <span class='ocrx_word' id='word_1_161' title='bbox 1747 1803 1889 1848; x_wconf 89' lang='lat' dir='ltr'>certe</span> <span class='ocrx_word' id='word_1_162' title='bbox 1924 1796 2128 1865; x_wconf 89' lang='lat' dir='ltr'>justius</span> <span class='ocrx_word' id='word_1_163' title='bbox 2167 1797 2255 1849; x_wconf 72' lang='lat' dir='ltr'>in-</span> 
     </span>
     <span class='ocr_line' id='line_1_19' title="bbox 238 1879 2068 1953; baseline -0.002 -16"><span class='ocrx_word' id='word_1_164' title='bbox 238 1885 412 1938; x_wconf 89' lang='lat' dir='ltr'>dicere</span> <span class='ocrx_word' id='word_1_165' title='bbox 437 1882 688 1953; x_wconf 85' lang='lat' dir='ltr'>placebit.</span> <span class='ocrx_word' id='word_1_166' title='bbox 765 1881 999 1934; x_wconf 90' lang='lat' dir='ltr'>Libetne</span> <span class='ocrx_word' id='word_1_167' title='bbox 1024 1898 1199 1950; x_wconf 90' lang='lat' dir='ltr'>nuper</span> <span class='ocrx_word' id='word_1_168' title='bbox 1224 1879 1356 1932; x_wconf 90' lang='lat' dir='ltr'>actis</span> <span class='ocrx_word' id='word_1_169' title='bbox 1384 1897 1567 1931; x_wconf 87' lang='lat' dir='ltr'>aurem</span> <span class='ocrx_word' id='word_1_170' title='bbox 1594 1879 1719 1932; x_wconf 91' lang='lat' dir='ltr'>dare</span> <span class='ocrx_word' id='word_1_171' title='bbox 1744 1883 2068 1951; x_wconf 87' lang='lat' dir='ltr'>parumper?</span> 
     </span>
    </p>
   </div>
   <div class='ocr_carea' id='block_1_3' title="bbox 836 2053 1670 2121">
    <p class='ocr_par' dir='ltr' id='par_1_3' title="bbox 836 2053 1670 2121">
     <span class='ocr_line' id='line_1_20' title="bbox 836 2053 1670 2121; baseline -0.002 -15"><span class='ocrx_word' id='word_1_172' title='bbox 836 2053 925 2106; x_wconf 84' lang='lat' dir='ltr'>De</span> <span class='ocrx_word' id='word_1_173' title='bbox 950 2071 1072 2121; x_wconf 74' lang='lat' dir='ltr'>reye</span> <span class='ocrx_word' id='word_1_174' title='bbox 1102 2053 1503 2121; x_wconf 70' lang='lat' dir='ltr'>Portinyalensi.</span> <span class='ocrx_word' id='word_1_175' title='bbox 1577 2053 1670 2105; x_wconf 86' lang='lat' dir='ltr'>xii.</span> 
     </span>
    </p>
   </div>
   <div class='ocr_carea' id='block_1_4' title="bbox 231 2167 2252 2837">
    <p class='ocr_par' dir='ltr' id='par_1_4' title="bbox 231 2167 2252 2837">
     <span class='ocr_line' id='line_1_21' title="bbox 312 2167 2252 2238; baseline -0.001 -15"><span class='ocrx_word' id='word_1_176' title='bbox 312 2169 731 2238; x_wconf 86' lang='lat' dir='ltr'>Portingalensis</span> <span class='ocrx_word' id='word_1_177' title='bbox 757 2171 910 2234; x_wconf 58' lang='lat' dir='ltr'>rex,]²¹</span> <span class='ocrx_word' id='word_1_178' title='bbox 942 2167 1034 2237; x_wconf 91' lang='lat' dir='ltr'>qui</span> <span class='ocrx_word' id='word_1_179' title='bbox 1059 2167 1211 2232; x_wconf 80' lang='lat' dir='ltr'>vivit,</span> <span class='ocrx_word' id='word_1_180' title='bbox 1238 2174 1292 2219; x_wconf 90' lang='lat' dir='ltr'>et</span> <span class='ocrx_word' id='word_1_181' title='bbox 1317 2167 1494 2219; x_wconf 89' lang='lat' dir='ltr'>adhuc</span> <span class='ocrx_word' id='word_1_182' title='bbox 1522 2185 1620 2219; x_wconf 93' lang='lat' dir='ltr'>suo</span> <span class='ocrx_word' id='word_1_183' title='bbox 1647 2169 1811 2220; x_wconf 91' lang='lat' dir='ltr'>modo</span> <span class='ocrx_word' id='word_1_184' title='bbox 1837 2177 2042 2238; x_wconf 83' lang='lat' dir='ltr'>regnat,</span> <span class='ocrx_word' id='word_1_185' title='bbox 2070 2188 2193 2222; x_wconf 89' lang='lat' dir='ltr'>cum</span> <span class='ocrx_word' id='word_1_186' title='bbox 2221 2189 2252 2222; x_wconf 88' lang='lat' dir='ltr'>a</span> 
     </span>
     <span class='ocr_line' id='line_1_22' title="bbox 237 2253 2250 2325; baseline -0 -16"><span class='ocrx_word' id='word_1_187' title='bbox 237 2257 423 2310; x_wconf 89' lang='lat' dir='ltr'>multis</span> <span class='ocrx_word' id='word_1_188' title='bbox 448 2256 799 2324; x_wconf 89' lang='lat' dir='ltr'>impeteretur</span> <span class='ocrx_word' id='word_1_189' title='bbox 821 2253 1092 2317; x_wconf 82' lang='lat' dir='ltr'>hostibus,</span> <span class='ocrx_word' id='word_1_190' title='bbox 1118 2261 1173 2305; x_wconf 92' lang='lat' dir='ltr'>et</span> <span class='ocrx_word' id='word_1_191' title='bbox 1198 2254 1266 2305; x_wconf 88' lang='lat' dir='ltr'>ad</span> <span class='ocrx_word' id='word_1_192' title='bbox 1293 2253 1619 2305; x_wconf 88' lang='lat' dir='ltr'>deditionem</span> <span class='ocrx_word' id='word_1_193' title='bbox 1665 2254 1778 2323; x_wconf 88' lang='lat' dir='ltr'>jam</span> <span class='ocrx_word' id='word_1_194' title='bbox 1818 2255 1927 2307; x_wconf 90' lang='lat' dir='ltr'>fere</span> <span class='ocrx_word' id='word_1_195' title='bbox 1955 2263 2250 2325; x_wconf 85' lang='lat' dir='ltr'>cogeretur,</span> 
     </span>
     <span class='ocr_line' id='line_1_23' title="bbox 232 2337 2249 2408; baseline -0.001 -13"><span class='ocrx_word' id='word_1_196' title='bbox 232 2344 291 2395; x_wconf 90' lang='lat' dir='ltr'>in</span> <span class='ocrx_word' id='word_1_197' title='bbox 320 2339 620 2394; x_wconf 85' lang='lat' dir='ltr'>subsidium</span> <span class='ocrx_word' id='word_1_198' title='bbox 648 2338 696 2390; x_wconf 92' lang='lat' dir='ltr'>ei</span> <span class='ocrx_word' id='word_1_199' title='bbox 723 2337 940 2408; x_wconf 89' lang='lat' dir='ltr'>quidam</span> <span class='ocrx_word' id='word_1_200' title='bbox 966 2337 1185 2389; x_wconf 88' lang='lat' dir='ltr'>advenit</span> <span class='ocrx_word' id='word_1_201' title='bbox 1203 2337 1439 2405; x_wconf 83' lang='lat' dir='ltr'>juveniS,</span> <span class='ocrx_word' id='word_1_202' title='bbox 1467 2356 1689 2406; x_wconf 89' lang='lat' dir='ltr'>corpore</span> <span class='ocrx_word' id='word_1_203' title='bbox 1705 2340 1986 2408; x_wconf 79' lang='lat' dir='ltr'>praestanti</span> <span class='ocrx_word' id='word_1_204' title='bbox 2006 2349 2061 2392; x_wconf 89' lang='lat' dir='ltr'>et</span> <span class='ocrx_word' id='word_1_205' title='bbox 2076 2342 2249 2392; x_wconf 89' lang='lat' dir='ltr'>forma</span> 
     </span>
     <span class='ocr_line' id='line_1_24' title="bbox 233 2421 2246 2493; baseline -0.001 -14"><span class='ocrx_word' id='word_1_206' title='bbox 233 2433 494 2479; x_wconf 87' lang='lat' dir='ltr'>venusta:</span> <span class='ocrx_word' id='word_1_207' title='bbox 534 2423 626 2493; x_wconf 90' lang='lat' dir='ltr'>qui</span> <span class='ocrx_word' id='word_1_208' title='bbox 652 2441 774 2474; x_wconf 92' lang='lat' dir='ltr'>cum</span> <span class='ocrx_word' id='word_1_209' title='bbox 799 2421 920 2490; x_wconf 90' lang='lat' dir='ltr'>ipso</span> <span class='ocrx_word' id='word_1_210' title='bbox 948 2439 1304 2485; x_wconf 84' lang='lat' dir='ltr'>commoranS,</span> <span class='ocrx_word' id='word_1_211' title='bbox 1331 2421 1532 2473; x_wconf 87' lang='lat' dir='ltr'>virtute</span> <span class='ocrx_word' id='word_1_212' title='bbox 1576 2422 1766 2475; x_wconf 88' lang='lat' dir='ltr'>bellica</span> <span class='ocrx_word' id='word_1_213' title='bbox 1804 2432 1916 2475; x_wconf 91' lang='lat' dir='ltr'>tam</span> <span class='ocrx_word' id='word_1_214' title='bbox 1960 2426 2246 2492; x_wconf 87' lang='lat' dir='ltr'>praeclarus</span> 
     </span>
     <span class='ocr_line' id='line_1_25' title="bbox 233 2506 2251 2580; baseline 0 -17"><span class='ocrx_word' id='word_1_215' title='bbox 233 2510 499 2580; x_wconf 78' lang='lat' dir='ltr'>apparuit,</span> <span class='ocrx_word' id='word_1_216' title='bbox 524 2516 588 2560; x_wconf 84' lang='lat' dir='ltr'>ut</span> <span class='ocrx_word' id='word_1_217' title='bbox 612 2526 724 2558; x_wconf 90' lang='lat' dir='ltr'>non</span> <span class='ocrx_word' id='word_1_218' title='bbox 760 2506 1074 2558; x_wconf 86' lang='lat' dir='ltr'>viderentur</span> <span class='ocrx_word' id='word_1_219' title='bbox 1114 2507 1230 2575; x_wconf 90' lang='lat' dir='ltr'>ejus</span> <span class='ocrx_word' id='word_1_220' title='bbox 1272 2524 1433 2576; x_wconf 87' lang='lat' dir='ltr'>opera</span> <span class='ocrx_word' id='word_1_221' title='bbox 1472 2507 1751 2577; x_wconf 88' lang='lat' dir='ltr'>possibilia</span> <span class='ocrx_word' id='word_1_222' title='bbox 1789 2509 1905 2561; x_wconf 87' lang='lat' dir='ltr'>viro</span> <span class='ocrx_word' id='word_1_223' title='bbox 1946 2510 2058 2562; x_wconf 89' lang='lat' dir='ltr'>uni.</span> <span class='ocrx_word' id='word_1_224' title='bbox 2137 2511 2251 2563; x_wconf 91' lang='lat' dir='ltr'>Hic</span> 
     </span>
     <span class='ocr_line' id='line_1_26' title="bbox 231 2592 2242 2667; baseline -0 -18"><span class='ocrx_word' id='word_1_225' title='bbox 231 2615 421 2667; x_wconf 89' lang='lat' dir='ltr'>pacem</span> <span class='ocrx_word' id='word_1_226' title='bbox 448 2593 712 2647; x_wconf 89' lang='lat' dir='ltr'>desiderio</span> <span class='ocrx_word' id='word_1_227' title='bbox 758 2592 896 2662; x_wconf 85' lang='lat' dir='ltr'>regis</span> <span class='ocrx_word' id='word_1_228' title='bbox 938 2599 993 2643; x_wconf 92' lang='lat' dir='ltr'>et</span> <span class='ocrx_word' id='word_1_229' title='bbox 1041 2592 1192 2661; x_wconf 86' lang='lat' dir='ltr'>regni</span> <span class='ocrx_word' id='word_1_230' title='bbox 1230 2593 1485 2657; x_wconf 85' lang='lat' dir='ltr'>restituit,</span> <span class='ocrx_word' id='word_1_231' title='bbox 1525 2593 1906 2664; x_wconf 87' lang='lat' dir='ltr'>ingressusque</span> <span class='ocrx_word' id='word_1_232' title='bbox 1950 2596 2143 2648; x_wconf 90' lang='lat' dir='ltr'>merito</span> <span class='ocrx_word' id='word_1_233' title='bbox 2186 2596 2242 2647; x_wconf 89' lang='lat' dir='ltr'>in</span> 
     </span>
     <span class='ocr_line' id='line_1_27' title="bbox 232 2678 2243 2751; baseline -0 -15"><span class='ocrx_word' id='word_1_234' title='bbox 232 2682 439 2736; x_wconf 89' lang='lat' dir='ltr'>domini</span> <span class='ocrx_word' id='word_1_235' title='bbox 465 2681 548 2734; x_wconf 88' lang='lat' dir='ltr'>sui</span> <span class='ocrx_word' id='word_1_236' title='bbox 572 2679 899 2750; x_wconf 82' lang='lat' dir='ltr'>praecipuam</span> <span class='ocrx_word' id='word_1_237' title='bbox 925 2678 1355 2744; x_wconf 79' lang='lat' dir='ltr'>familiaritatem,</span> <span class='ocrx_word' id='word_1_238' title='bbox 1381 2678 1550 2747; x_wconf 88' lang='lat' dir='ltr'>magis</span> <span class='ocrx_word' id='word_1_239' title='bbox 1577 2680 1702 2749; x_wconf 91' lang='lat' dir='ltr'>quia</span> <span class='ocrx_word' id='word_1_240' title='bbox 1735 2680 1801 2732; x_wconf 86' lang='lat' dir='ltr'>ab</span> <span class='ocrx_word' id='word_1_241' title='bbox 1841 2682 1960 2751; x_wconf 90' lang='lat' dir='ltr'>ipso</span> <span class='ocrx_word' id='word_1_242' title='bbox 1995 2683 2243 2735; x_wconf 85' lang='lat' dir='ltr'>excultus</span> 
     </span>
     <span class='ocr_line' id='line_1_28' title="bbox 232 2763 2242 2837; baseline 0 -16"><span class='ocrx_word' id='word_1_243' title='bbox 232 2776 331 2834; x_wconf 82' lang='lat' dir='ltr'>est,</span> <span class='ocrx_word' id='word_1_244' title='bbox 360 2785 502 2837; x_wconf 79' lang='lat' dir='ltr'>saepe</span> <span class='ocrx_word' id='word_1_245' title='bbox 531 2767 734 2819; x_wconf 90' lang='lat' dir='ltr'>scilicet</span> <span class='ocrx_word' id='word_1_246' title='bbox 759 2763 1036 2835; x_wconf 78' lang='lat' dir='ltr'>quaesitUS,</span> <span class='ocrx_word' id='word_1_247' title='bbox 1062 2765 1370 2834; x_wconf 86' lang='lat' dir='ltr'>frequenter</span> <span class='ocrx_word' id='word_1_248' title='bbox 1393 2764 1661 2830; x_wconf 77' lang='lat' dir='ltr'>visitatus,</span> <span class='ocrx_word' id='word_1_249' title='bbox 1699 2766 1755 2817; x_wconf 91' lang='lat' dir='ltr'>in</span> <span class='ocrx_word' id='word_1_250' title='bbox 1782 2767 1967 2820; x_wconf 90' lang='lat' dir='ltr'>multis</span> <span class='ocrx_word' id='word_1_251' title='bbox 1993 2786 2242 2821; x_wconf 90' lang='lat' dir='ltr'>remune-</span> 
     </span>
    </p>
   </div>
   <div class='ocr_carea' id='block_1_5' title="bbox 230 2935 2238 3193">
    <p class='ocr_par' dir='ltr' id='par_1_5' title="bbox 230 2935 2238 3193">
     <span class='ocr_line' id='line_1_29' title="bbox 283 2935 2129 2989; baseline 0.001 -13"><span class='ocrx_word' id='word_1_252' title='bbox 283 2939 309 2963; x_wconf 66' lang='lat'>2*</span> <span class='ocrx_word' id='word_1_253' title='bbox 337 2939 425 2977; x_wconf 87' lang='lat' dir='ltr'>The</span> <span class='ocrx_word' id='word_1_254' title='bbox 445 2938 665 2989; x_wconf 87' lang='lat' dir='ltr'>quickness</span> <span class='ocrx_word' id='word_1_255' title='bbox 684 2936 784 2976; x_wconf 87' lang='lat' dir='ltr'>with</span> <span class='ocrx_word' id='word_1_256' title='bbox 801 2936 935 2975; x_wconf 87' lang='lat' dir='ltr'>which</span> <span class='ocrx_word' id='word_1_257' title='bbox 951 2935 1052 2976; x_wconf 86' lang='lat' dir='ltr'>time</span> <span class='ocrx_word' id='word_1_258' title='bbox 1066 2948 1206 2987; x_wconf 80' lang='lat' dir='ltr'>passes</span> <span class='ocrx_word' id='word_1_259' title='bbox 1315 2938 1340 2987; x_wconf 87' lang='lat'>†</span> <span class='ocrx_word' id='word_1_260' title='bbox 1370 2937 1459 2976; x_wconf 89' lang='lat' dir='ltr'>The</span> <span class='ocrx_word' id='word_1_261' title='bbox 1480 2936 1588 2975; x_wconf 88' lang='lat' dir='ltr'>river</span> <span class='ocrx_word' id='word_1_262' title='bbox 1604 2937 1711 2987; x_wconf 89' lang='lat' dir='ltr'>Wye</span> <span class='ocrx_word' id='word_1_263' title='bbox 1731 2938 1774 2976; x_wconf 93' lang='lat' dir='ltr'>in</span> <span class='ocrx_word' id='word_1_264' title='bbox 1798 2937 2129 2978; x_wconf 87' lang='lat' dir='ltr'>Herefordshire.</span> 
     </span>
     <span class='ocr_line' id='line_1_30' title="bbox 231 3004 2237 3057; baseline 0.001 -12"><span class='ocrx_word' id='word_1_265' title='bbox 231 3007 276 3046; x_wconf 90' lang='lat' dir='ltr'>in</span> <span class='ocrx_word' id='word_1_266' title='bbox 296 3006 400 3057; x_wconf 85' lang='lat' dir='ltr'>fairy</span> <span class='ocrx_word' id='word_1_267' title='bbox 417 3006 516 3045; x_wconf 81' lang='lat' dir='ltr'>land</span> <span class='ocrx_word' id='word_1_268' title='bbox 535 3018 616 3044; x_wconf 86' lang='lat' dir='ltr'>was</span> <span class='ocrx_word' id='word_1_269' title='bbox 636 3005 721 3043; x_wconf 83' lang='lat' dir='ltr'>also</span> <span class='ocrx_word' id='word_1_270' title='bbox 741 3004 812 3043; x_wconf 87' lang='lat' dir='ltr'>the</span> <span class='ocrx_word' id='word_1_271' title='bbox 832 3016 976 3043; x_wconf 83' lang='lat' dir='ltr'>source</span> <span class='ocrx_word' id='word_1_272' title='bbox 995 3004 1043 3043; x_wconf 82' lang='lat' dir='ltr'>of</span> <span class='ocrx_word' id='word_1_273' title='bbox 1071 3016 1095 3042; x_wconf 81' lang='lat' dir='ltr'>a</span> <span class='ocrx_word' id='word_1_274' title='bbox 1124 3017 1205 3043; x_wconf 87' lang='lat' dir='ltr'>nu·</span> <span class='ocrx_word' id='word_1_275' title='bbox 1317 3005 1334 3053; x_wconf 92' lang='lat'>‡</span> <span class='ocrx_word' id='word_1_276' title='bbox 1365 3005 1452 3043; x_wconf 89' lang='lat' dir='ltr'>The</span> <span class='ocrx_word' id='word_1_277' title='bbox 1475 3005 1587 3055; x_wconf 84' lang='lat' dir='ltr'>King</span> <span class='ocrx_word' id='word_1_278' title='bbox 1606 3005 1654 3044; x_wconf 85' lang='lat' dir='ltr'>of</span> <span class='ocrx_word' id='word_1_279' title='bbox 1669 3005 1863 3055; x_wconf 86' lang='lat' dir='ltr'>Portugal</span> <span class='ocrx_word' id='word_1_280' title='bbox 1882 3010 1923 3044; x_wconf 80' lang='lat' dir='ltr'>at</span> <span class='ocrx_word' id='word_1_281' title='bbox 1942 3007 2025 3045; x_wconf 86' lang='lat' dir='ltr'>this</span> <span class='ocrx_word' id='word_1_282' title='bbox 2041 3007 2141 3046; x_wconf 83' lang='lat' dir='ltr'>time</span> <span class='ocrx_word' id='word_1_283' title='bbox 2153 3021 2237 3048; x_wconf 82' lang='lat' dir='ltr'>was</span> 
     </span>
     <span class='ocr_line' id='line_1_31' title="bbox 231 3070 2237 3122; baseline 0 -8"><span class='ocrx_word' id='word_1_284' title='bbox 231 3086 398 3114; x_wconf 88' lang='lat' dir='ltr'>merous</span> <span class='ocrx_word' id='word_1_285' title='bbox 427 3074 532 3114; x_wconf 83' lang='lat' dir='ltr'>class</span> <span class='ocrx_word' id='word_1_286' title='bbox 569 3072 617 3112; x_wconf 88' lang='lat' dir='ltr'>of</span> <span class='ocrx_word' id='word_1_287' title='bbox 657 3071 826 3121; x_wconf 88' lang='lat' dir='ltr'>legends</span> <span class='ocrx_word' id='word_1_288' title='bbox 855 3071 900 3109; x_wconf 91' lang='lat' dir='ltr'>in</span> <span class='ocrx_word' id='word_1_289' title='bbox 933 3071 1004 3109; x_wconf 90' lang='lat' dir='ltr'>the</span> <span class='ocrx_word' id='word_1_290' title='bbox 1032 3070 1207 3122; x_wconf 82' lang='lat' dir='ltr'>popular</span> <span class='ocrx_word' id='word_1_291' title='bbox 1264 3071 1448 3110; x_wconf 83' lang='lat' dir='ltr'>Sanchez</span> <span class='ocrx_word' id='word_1_292' title='bbox 1489 3071 1526 3110; x_wconf 92' lang='grc' dir='ltr'>Ι.</span> <span class='ocrx_word' id='word_1_293' title='bbox 1575 3071 1667 3110; x_wconf 89' lang='lat' dir='ltr'>who</span> <span class='ocrx_word' id='word_1_294' title='bbox 1704 3072 1872 3122; x_wconf 87' lang='lat' dir='ltr'>reigned</span> <span class='ocrx_word' id='word_1_295' title='bbox 1904 3073 2011 3112; x_wconf 84' lang='lat' dir='ltr'>from</span> <span class='ocrx_word' id='word_1_296' title='bbox 2053 3077 2157 3114; x_wconf 73' lang='lat'>1185</span> <span class='ocrx_word' id='word_1_297' title='bbox 2193 3081 2237 3115; x_wconf 89' lang='lat' dir='ltr'>to</span> 
     </span>
     <span class='ocr_line' id='line_1_32' title="bbox 230 3136 2238 3193; baseline 0 -12"><span class='ocrx_word' id='word_1_298' title='bbox 230 3142 470 3193; x_wconf 78' lang='lat' dir='ltr'>mythology</span> <span class='ocrx_word' id='word_1_299' title='bbox 508 3140 555 3179; x_wconf 88' lang='lat' dir='ltr'>of</span> <span class='ocrx_word' id='word_1_300' title='bbox 583 3140 655 3179; x_wconf 89' lang='lat' dir='ltr'>the</span> <span class='ocrx_word' id='word_1_301' title='bbox 695 3137 914 3177; x_wconf 83' lang='lat' dir='ltr'>Germanic</span> <span class='ocrx_word' id='word_1_302' title='bbox 952 3149 1057 3176; x_wconf 86' lang='lat' dir='ltr'>race.</span> <span class='ocrx_word' id='word_1_303' title='bbox 1117 3136 1207 3176; x_wconf 62' lang='lat' dir='ltr'>Time</span> <span class='ocrx_word' id='word_1_304' title='bbox 1265 3139 1367 3177; x_wconf 90' lang='lat'>1211</span> <span class='ocrx_word' id='word_1_305' title='bbox 1387 3153 1397 3182; x_wconf 72' lang='grc' dir='ltr'><strong>ς</strong></span> <span class='ocrx_word' id='word_1_306' title='bbox 1428 3138 1504 3177; x_wconf 90' lang='lat' dir='ltr'>but</span> <span class='ocrx_word' id='word_1_307' title='bbox 1524 3137 1544 3177; x_wconf 96' lang='lat' dir='ltr'>I</span> <span class='ocrx_word' id='word_1_308' title='bbox 1566 3138 1618 3177; x_wconf 90' lang='lat' dir='ltr'>do</span> <span class='ocrx_word' id='word_1_309' title='bbox 1638 3143 1713 3178; x_wconf 85' lang='lat' dir='ltr'>not</span> <span class='ocrx_word' id='word_1_310' title='bbox 1731 3139 1817 3178; x_wconf 87' lang='lat' dir='ltr'>find</span> <span class='ocrx_word' id='word_1_311' title='bbox 1838 3139 1927 3179; x_wconf 84' lang='lat' dir='ltr'>that</span> <span class='ocrx_word' id='word_1_312' title='bbox 1938 3152 2019 3191; x_wconf 85' lang='lat' dir='ltr'>any</span> <span class='ocrx_word' id='word_1_313' title='bbox 2034 3141 2238 3182; x_wconf 71' lang='lat' dir='ltr'>historiari</span> 
     </span>
    </p>
   </div>
   <div class='ocr_carea' id='block_1_6' title="bbox 230 3204 2239 3328">
    <p class='ocr_par' dir='ltr' id='par_1_6' title="bbox 230 3204 2239 3328">
     <span class='ocr_line' id='line_1_33' title="bbox 231 3204 2239 3262; baseline 0.001 -15"><span class='ocrx_word' id='word_1_314' title='bbox 231 3208 408 3259; x_wconf 88' lang='lat' dir='ltr'>English</span> <span class='ocrx_word' id='word_1_315' title='bbox 427 3209 571 3247; x_wconf 86' lang='lat' dir='ltr'>reader</span> <span class='ocrx_word' id='word_1_316' title='bbox 585 3207 669 3248; x_wconf 88' lang='lat' dir='ltr'>will</span> <span class='ocrx_word' id='word_1_317' title='bbox 691 3205 918 3246; x_wconf 82' lang='lat' dir='ltr'>remember</span> <span class='ocrx_word' id='word_1_318' title='bbox 932 3204 1207 3255; x_wconf 82' lang='lat' dir='ltr'>Washington</span> <span class='ocrx_word' id='word_1_319' title='bbox 1262 3207 1336 3245; x_wconf 90' lang='lat' dir='ltr'>has</span> <span class='ocrx_word' id='word_1_320' title='bbox 1355 3205 1516 3244; x_wconf 86' lang='lat' dir='ltr'>alluded</span> <span class='ocrx_word' id='word_1_321' title='bbox 1536 3209 1580 3244; x_wconf 89' lang='lat' dir='ltr'>to</span> <span class='ocrx_word' id='word_1_322' title='bbox 1599 3207 1669 3245; x_wconf 88' lang='lat' dir='ltr'>the</span> <span class='ocrx_word' id='word_1_323' title='bbox 1697 3211 1839 3247; x_wconf 84' lang='lat' dir='ltr'>events</span> <span class='ocrx_word' id='word_1_324' title='bbox 1869 3209 2024 3248; x_wconf 85' lang='lat' dir='ltr'>related</span> <span class='ocrx_word' id='word_1_325' title='bbox 2058 3210 2155 3250; x_wconf 87' lang='lat' dir='ltr'>here</span> <span class='ocrx_word' id='word_1_326' title='bbox 2184 3211 2239 3262; x_wconf 84' lang='lat' dir='ltr'>by</span> 
     </span>
     <span class='ocr_line' id='line_1_34' title="bbox 230 3272 1605 3328; baseline -0.004 -12"><span class='ocrx_word' id='word_1_327' title='bbox 230 3277 412 3326; x_wconf 85' lang='lat' dir='ltr'>Irving’s</span> <span class='ocrx_word' id='word_1_328' title='bbox 433 3280 546 3328; x_wconf 88' lang='lat' dir='ltr'>story</span> <span class='ocrx_word' id='word_1_329' title='bbox 566 3276 613 3315; x_wconf 88' lang='lat' dir='ltr'>of</span> <span class='ocrx_word' id='word_1_330' title='bbox 638 3276 720 3326; x_wconf 74' lang='lat' dir='ltr'>Rip</span> <span class='ocrx_word' id='word_1_331' title='bbox 739 3287 819 3314; x_wconf 85' lang='lat' dir='ltr'>van</span> <span class='ocrx_word' id='word_1_332' title='bbox 837 3273 1041 3313; x_wconf 85' lang='lat' dir='ltr'>Winckle.</span> <span class='ocrx_word' id='word_1_333' title='bbox 1263 3273 1421 3312; x_wconf 86' lang='lat' dir='ltr'>Walter</span> <span class='ocrx_word' id='word_1_334' title='bbox 1442 3272 1605 3324; x_wconf 88' lang='lat' dir='ltr'>Mapes.</span> 
     </span>
    </p>
   </div>
   <div class='ocr_carea' id='block_1_7' title="bbox 302 3361 2018 3398">
    <p class='ocr_par' dir='ltr' id='par_1_7' title="bbox 302 3361 2018 3398">
     <span class='ocr_line' id='line_1_35' title="bbox 302 3361 2018 3398; baseline 0.001 -1"><span class='ocrx_word' id='word_1_335' title='bbox 302 3362 491 3398; x_wconf 81' lang='lat' dir='ltr'>CAMD.</span> <span class='ocrx_word' id='word_1_336' title='bbox 522 3361 643 3397; x_wconf 86' lang='lat' dir='ltr'><strong>SOC.</strong></span> <span class='ocrx_word' id='word_1_337' title='bbox 1980 3365 2018 3398; x_wconf 88' lang='lat' dir='ltr'><strong>D</strong></span> 
     </span>
    </p>
   </div>
  </div>
 </body>
</html>
