2638 3860
402 313 649 366 Cap.xvii.]
1000 313 1078 348 DE
1120 313 1304 349 Noeris
1347 312 1723 348 OURIALmM.
2296 295 2364 357 87

345 438 467 491 ritia
508 457 725 509 suaeque
764 439 1100 492 diffinitionis
1144 441 1406 493 formatur
1430 439 1727 510 principiiS,
1763 438 1827 491 fit
1852 437 1999 491 enim
2038 454 2104 489 ex
2132 454 2189 490 R.
2229 443 2285 489 et
2311 454 2365 490 0.

349 531 404 576 61
431 542 496 577 Μ.
525 532 579 577 61
605 542 663 578 A.
690 533 745 578 et
771 526 1019 579 diffinitio
1049 545 1172 578 cum
1198 526 1334 596 ipsa,
1360 529 1522 579 radice
1547 528 1771 579 omnium
1799 527 2053 578 malorum
2079 525 2365 586 avaritia.†

351 609 656 680 Suggerunt
696 631 820 682 ergo
848 612 1069 667 domino
1097 632 1195 665 suo
1221 612 1533 683 imperatori
1574 613 1861 677 CunnanO,
1889 612 1955 664 de
1982 628 2089 681 quo
2116 609 2364 663 monialis

348 695 538 749 videns
566 717 690 752 eum
717 700 1013 752 deformem
1040 700 1263 764 dixerat,

803 814 992 853 Domnus
1014 813 1241 854 Cunnanus
1259 812 1363 852 nihil
1388 811 1488 864 [est]
1512 811 1593 851 nisi
1612 823 1770 851 cunnus
1789 814 1831 850 et
1851 823 1970 859 anus,

351 914 495 982 quod
513 915 688 968 Roma
707 916 900 968 merito
921 923 1085 986 caput
1104 914 1249 967 orbis
1271 922 1355 967 est
1376 921 1431 967 et
1448 913 1667 967 domina
1685 920 1948 965 terrarum
1968 912 2230 977 omnium,
2250 912 2368 965 An-

350 999 512 1067 gliam
549 1000 889 1052 tributariam
933 1000 1190 1052 deliberet
1229 999 1363 1064 fieri,
1396 1016 1497 1051 nec
1538 997 1812 1050 absistunt
1849 1016 1974 1050 eum
2009 997 2077 1050 ad
2113 998 2218 1050 hoc
2253 997 2367 1050 ani—

350 1103 514 1151 mare,
542 1086 713 1139 donec
738 1085 794 1137 in
822 1104 975 1137 suam
1001 1085 1271 1137 inducunt
1297 1084 1532 1137 avaritiae
1573 1083 1917 1136 sententiam.
1994 1083 2102 1136 Sed
2128 1083 2366 1154 incipere

351 1172 563 1240 aggredi
590 1172 694 1224 hoc
722 1171 896 1224 solum
917 1171 1191 1241 prohibet,
1211 1171 1357 1240 quod
1381 1170 1666 1223 Gadonem
1690 1187 1973 1239 superesse
1995 1169 2173 1222 sciunt
2189 1170 2367 1222 omnis

348 1255 672 1310 innocentiae
689 1257 1024 1309 defensorem
1030 1275 1156 1322 ,nec
1172 1275 1401 1326 usquam
1418 1275 1582 1326 posse
1599 1264 1709 1308 tam
1728 1256 1955 1308 arduum
1974 1274 2112 1326 opus
2127 1255 2370 1308 inchoari

351 1341 463 1395 sive
483 1362 652 1414 prope
671 1345 783 1396 sive
807 1344 966 1413 longe
993 1344 1059 1395 ad
1087 1344 1232 1413 quod
1257 1343 1375 1413 ipse
1401 1362 1513 1396 non
1540 1350 1822 1396 vocaretur
1848 1342 1917 1394 ad
1943 1342 2232 1395 tuitionem
2251 1342 2369 1412 jus-

349 1428 499 1482 titiae.
577 1430 826 1500 Suspirat
858 1430 1021 1499 igitur
1057 1430 1260 1482 diutius
1289 1430 1357 1481 ad
1382 1430 1486 1482 hoc
1513 1448 1635 1482 cum
1666 1428 2065 1499 suspirantibus
2088 1428 2367 1494 RomaniS,

349 1515 683 1586 verbumque
711 1516 839 1568 satis
869 1524 1135 1569 secretum
1160 1516 1382 1568 habent.
1459 1516 1724 1568 Nesciens
1749 1516 1856 1568 hoc
1882 1515 1984 1584 agi,
2011 1515 2216 1567 dimisit
2243 1515 2369 1567 offa

354 1601 639 1654 Gadonem
667 1601 968 1654 diutissime
994 1609 1177 1654 tamen
1219 1602 1500 1654 detentum
1536 1608 1591 1653 et
1626 1601 1797 1652 multa
1839 1618 2051 1670 semper
2092 1601 2368 1654 excultum

351 1686 664 1748 reverentia,
694 1686 786 1756 qui
811 1704 922 1738 non
950 1693 1213 1755 quantum
1239 1685 1420 1754 potuit
1447 1685 1542 1737 sed
1563 1692 1826 1755 quantum
1847 1685 2020 1738 voluit
2059 1685 2367 1738 divitiarum

359 1789 542 1824 secum
569 1772 712 1837 tulit,
738 1771 1098 1841 Angliamque
1125 1778 1497 1840 competenter
1522 1779 1750 1823 onustus
1778 1789 2024 1840 egressus
2051 1779 2136 1824 est
2173 1772 2241 1824 ad
2279 1790 2372 1825 ex-

353 1867 554 1911 tremos
601 1857 790 1922 Indos,
836 1857 1032 1909 abinde
1082 1856 1291 1909 nuntiis
1335 1857 1541 1909 anhelis
1577 1865 1633 1909 et
1673 1857 1842 1909 literis
1898 1864 2122 1910 vocatus
2180 1857 2372 1923 anxiiS,

352 1944 503 2013 quasi
524 1944 614 2014 qui
633 1944 840 2014 gladius
862 1951 976 1996 erat
990 1943 1046 1995 in
1074 1961 1240 1995 manu
1257 1942 1501 2008 Domini,
1528 1942 1771 1995 omnium
1799 1942 1864 1994 ad
1894 1961 2025 2012 quas
2052 1943 2372 1997 mittebatur

352 2029 670 2098 injuriarum
696 2029 858 2092 ultor,
898 2029 1052 2098 cujus
1079 2029 1340 2082 memoria
1366 2029 1621 2099 quoniam
1658 2029 1714 2081 in
1760 2030 2140 2082 remotissimis
2181 2030 2373 2100 agebat

352 2114 627 2167 remissior
653 2121 767 2166 erat
801 2115 947 2184 apud
974 2116 1270 2181 Romanos,
1296 2117 1517 2167 fuerunt
1543 2116 1635 2185 qui
1662 2124 1893 2168 mortem
1922 2116 2038 2186 ejus
2066 2124 2120 2169 et
2146 2119 2371 2170 modum

355 2209 410 2253 et
448 2201 629 2253 locum
669 2207 724 2252 et
757 2207 975 2269 tempus
1001 2201 1271 2271 fingerent
1295 2201 1624 2270 imperatori,
1651 2220 1720 2253 ne
1747 2202 1963 2254 timeret
1989 2202 2195 2272 Anglos
2220 2203 2371 2256 inva-

354 2288 496 2340 dere.
573 2287 919 2339 Convocatur
944 2305 1069 2356 ergo
1100 2288 1430 2357 gravissimis
1451 2288 1738 2357 imperium
1762 2289 1951 2340 edictis
1969 2290 2249 2359 factusque
2270 2309 2371 2341 nu-

353 2393 598 2428 merosus
625 2392 685 2426 ac
713 2392 873 2443 super
898 2392 1186 2426 numerum
1213 2375 1497 2438 6116161103,
1536 2375 1843 2444 inprovisos
1873 2375 2055 2428 Offam
2083 2384 2137 2428 et
2162 2377 2370 2446 Anglos

353 2461 580 2532 appulit,
596 2460 900 2530 inprovisos
923 2461 989 2512 ad
1017 2479 1073 2512 se
1101 2460 1220 2513 dico
1243 2460 1496 2530 quoniam
1515 2480 1546 2512 a
1565 2461 1687 2513 Deo
1704 2461 1969 2530 provisos,
2046 2462 2191 2513 Nam
2210 2462 2368 2515 Gado

354 2547 620 2618 expeditis
649 2547 911 2599 Indorum
938 2547 1198 2616 angustiis
1226 2548 1293 2599 ad
1319 2547 1486 2616 patris
1531 2549 1614 2599 sui
1653 2565 1880 2616 regnum
1922 2565 2020 2617 per
2063 2566 2206 2599 mare
2245 2566 2371 2617 pro-

354 2652 567 2704 peranS,
592 2633 769 2686 ventis
796 2640 926 2686 voto
955 2652 1051 2685 suo
1078 2633 1328 2703 provisis,
1357 2634 1451 2686 sed
1476 2633 1534 2685 in
1561 2633 1862 2685 subsidium
1882 2634 2182 2703 Anglorum
2198 2653 2229 2686 a
2248 2634 2369 2687 Deo

356 2720 647 2786 conversiS,
675 2720 862 2772 eadem
890 2719 975 2772 die
1001 2720 1069 2772 ad
1102 2720 1232 2772 litus
1266 2720 1411 2772 idem
1443 2721 1510 2773 ad
1542 2719 1688 2790 quod
1712 2719 2053 2789 impetitores
2081 2727 2136 2773 et
2165 2720 2369 2786 hosteS,

409 2887 436 2915 *
464 2889 553 2928 The
586 2890 744 2929 avarice
778 2891 825 2930 of
863 2891 934 2930 the
976 2895 1093 2931 court
1122 2891 1170 2930 of
1203 2891 1336 2931 Rome
1391 2904 1632 2943 pope‚were
1646 2894 1827 2942 pretexts
1840 2891 1905 2930 for
1919 2891 2128 2941 extorting
2152 2902 2371 2930 cnormous

354 2970 437 2996 was
465 2958 695 3008 proverbial
729 2957 878 3008 during
915 2958 986 2997 the
1018 2959 1178 2998 Middle
1207 2960 1334 3010 Ages,
1393 2972 1504 2998 sums
1544 2959 1591 2997 of
1625 2971 1776 3009 money
1813 2958 1919 2997 from
1958 2959 2029 2998 the
2058 2958 2291 2998 candidates
2325 2971 2373 2998 or

354 3026 437 3065 and
455 3038 536 3064 was
556 3038 608 3063 an
626 3026 878 3064 instrument
898 3025 945 3064 of
967 3026 1241 3066 burdensome
1260 3040 1336 3078 op·
1392 3040 1565 3078 persons
1585 3027 1815 3066 concerned
1834 3027 1878 3065 in
1906 3027 2035 3066 them.
2092 3026 2182 3065 The
2211 3026 2374 3078 simony

354 3093 540 3146 pressiori
554 3097 598 3132 to
615 3106 691 3132 our
703 3093 965 3132 forefathers.
1024 3094 1075 3132 In
1092 3094 1162 3133 the
1177 3095 1336 3133 twelfth
1394 3094 1442 3134 of
1465 3095 1536 3133 the
1566 3094 1740 3134 Romish
1769 3094 1919 3145 pontiff
1943 3094 2024 3133 and
2051 3094 2252 3134 cardinals
2280 3094 2315 3134 is
2348 3107 2373 3133 a

355 3161 437 3200 and
465 3161 690 3200 thirteenth
718 3161 922 3199 centuries
963 3161 1017 3199 all
1045 3161 1339 3202 ecclesiastical
1394 3167 1586 3201 constant
1625 3162 1784 3212 subject
1822 3162 1870 3201 of
1903 3162 2122 3212 indignant
2161 3162 2283 3202 satire
2328 3163 2372 3202 in

352 3230 678 3281 appointments,
714 3229 796 3267 and
827 3230 897 3268 the
927 3229 1117 3279 slightest
1152 3229 1338 3280 disputes
1394 3230 1465 3269 the
1493 3242 1635 3281 poems
1665 3230 1901 3282 commonly
1929 3230 2115 3271 ascribed
2143 3235 2186 3271 to
2215 3231 2374 3271 Walter

359 3298 496 3337 which
517 3297 639 3337 could
659 3297 710 3337 be
731 3297 860 3348 urged
872 3298 962 3337 into
983 3310 1035 3336 an
1054 3297 1199 3349 appeal
1213 3300 1256 3337 to
1270 3297 1341 3337 the
1396 3298 1562 3349 Mapes.
