2638 3860
330 370 429 417 148
1029 375 1338 412 GUALTElu
1380 373 1580 409 MAPEs
1988 371 2186 422 [Distinc.
2210 370 2287 409 IV.

327 521 473 572 diurn
498 517 776 580 Terentiae,
801 514 1014 566 uxorari
1039 513 1229 577 noluit,
1261 512 1442 564 dicens
1483 529 1539 563 se
1564 510 1763 580 pariter
1802 510 1955 561 uxori
1995 517 2051 562 et
2075 510 2314 579 philoso-

323 605 463 674 phiae
498 621 712 672 operam
740 602 862 652 dare
902 618 1011 651 non
1057 616 1235 667 posse.
1309 597 1516 661 Amice,
1542 596 1749 647 utinam
1786 596 1890 647 hoc
1930 603 2056 646 tuus
2101 596 2314 647 animus

326 688 423 739 tibi
450 684 785 754 respondeat,
811 683 896 734 vel
921 691 1013 734 tua
1036 682 1218 751 lingua
1242 681 1392 745 mihi,
1413 689 1467 732 et
1493 680 1680 732 saltem
1705 679 1975 748 loquendo
1995 679 2314 748 eloquentiae

324 771 616 842 principem
677 769 908 837 digneris
958 768 1184 832 imitare,
1233 775 1297 818 ut
1346 767 1478 818 mihi
1529 783 1680 835 spem
1731 764 1891 816 facias
1955 764 2041 816 vel
2102 783 2316 817 vanam.

327 856 526 908 Canius
553 875 584 907 a
623 854 865 906 Gadibus
890 861 1066 924 poeta,
1093 853 1354 906 facundiae
1393 853 1525 905 levis
1570 859 1625 904 et
1661 851 1931 921 jocundae,
1957 851 2315 920 reprehensus

324 950 406 994 est
442 961 472 993 a
520 941 676 993 Livio
728 942 912 1005 Poeno,
937 940 1083 1010 gravi
1132 948 1186 992 et
1233 947 1457 991 uxorato
1506 938 1780 1002 historicO,
1830 938 1976 1006 quod
2025 937 2316 989 multarum

323 1027 575 1096 gauderet
599 1026 888 1091 amoribuS,
913 1027 998 1078 his
1023 1025 1218 1089 verbiS,
1239 1029 1274 1054 ‘⁶
1294 1025 1552 1076 Nostram
1577 1023 1974 1093 philosophiam
1999 1022 2317 1092 participare

324 1131 432 1164 non
459 1112 676 1181 poteriS,
709 1112 837 1163 dum
863 1131 893 1163 a
917 1118 1000 1163 tot
1017 1110 1348 1180 participaris
1368 1131 1382 1174 3
1421 1128 1531 1162 non
1569 1109 1712 1161 enim
1738 1127 1801 1161 eo
1836 1109 2015 1177 jecore
2040 1108 2078 1161 J
2080 1126 2317 1160 unonem

325 1204 468 1248 amat
491 1196 700 1265 Tityus,
720 1195 863 1265 quod
887 1196 1044 1249 multi
1059 1195 1298 1248 vultures
1324 1194 1380 1246 in
1407 1195 1575 1245 multa
1595 1193 1908 1245 divellunt.''
1965 1192 2068 1244 Cui
2097 1192 2319 1257 Canius,

329 1285 364 1311 ‘⁶
384 1282 441 1334 Si
467 1283 681 1351 quando
706 1281 873 1347 labor,
898 1300 1115 1351 resurgo
1142 1281 1380 1345 cautius3
1409 1281 1453 1332 si
1478 1280 1754 1349 paululum
1782 1279 2073 1348 opprimor,
2094 1278 2317 1330 alacrius

323 1386 538 1421 resumo
582 1387 754 1421 aerem
777 1389 792 1432 3
846 1367 989 1420 vices
1032 1367 1272 1419 noctium
1313 1367 1425 1418 dies
1468 1366 1703 1420 reddunt
1750 1366 1998 1430 laetioreS,
2041 1366 2135 1417 sed
2169 1373 2318 1417 tene-

324 1451 539 1504 brarum
564 1453 892 1523 perpetuitas
917 1452 1086 1504 instar
1109 1451 1305 1503 inferni
1329 1458 1427 1502 est.
1493 1450 1581 1502 Sic
1605 1450 1714 1519 lilia
1739 1450 1994 1519 primaeva
2011 1450 2162 1502 verni
2189 1449 2316 1502 solis

327 1537 569 1589 deliciata
606 1536 899 1605 teporibUS,
925 1535 1179 1588 varietate
1205 1542 1323 1586 tum
1361 1534 1666 1586 Euronoti*
1696 1541 1815 1585 tum
1854 1534 2089 1604 Zephyri
2132 1534 2319 1585 laetitia

325 1622 571 1675 effusiore
597 1622 898 1686 lasciviunt,
926 1621 1118 1690 quibus
1138 1639 1247 1672 uno
1270 1620 1460 1690 spiritu
1480 1620 1770 1672 fulmineus
1801 1620 2039 1682 Auster†
2067 1639 2315 1672 occasum

324 1707 466 1759 facit.
543 1707 689 1759 Hinc
731 1708 882 1758 Mars
922 1708 1096 1776 ruptis
1133 1706 1435 1771 resticulis‡
1470 1706 1525 1757 in
1567 1724 1753 1758 mensa
1803 1706 2009 1758 coelesti
2054 1705 2320 1758 recumbit

326 1791 549 1843 conviva
592 1809 864 1860 superum,
891 1810 921 1842 a
966 1810 1069 1860 qua
1112 1790 1332 1842 uxorius
1378 1789 1647 1842 Mulciber
1683 1808 1780 1841 suo
1823 1790 1952 1842 fune
1995 1790 2152 1859 longe
2196 1789 2318 1842 reli-

325 1885 494 1945 gatur.
546 1877 633 1929 Sic
657 1877 827 1929 levius
852 1877 1020 1945 ligant
1041 1877 1208 1927 multa
1232 1876 1322 1927 fila
1341 1895 1499 1945 quam
1520 1877 1672 1942 una§
1695 1883 1906 1940 catena3
1935 1884 2165 1945 suntque
2187 1875 2318 1927 mihi

326 1979 357 2011 a
380 1961 720 2029 philosophia
747 1961 946 2012 deliciae
972 1960 1071 2011 tibi
1098 1959 1337 2011 solatia.''
1375 1960 1582 2024 Amice,
1599 1960 1876 2029 utriusque
1902 1960 2130 2012 istorum
2157 1961 2318 2013 verba

325 2044 512 2114 probo,
538 2045 702 2097 vitam
734 2045 1013 2109 neutrius3
1051 2045 1229 2096 minus
1268 2053 1448 2097 tamen
1486 2045 1691 2096 laedunt
1721 2045 1878 2097 multi
1916 2045 2091 2097 morbi
2130 2045 2316 2098 salutis

324 2129 690 2182 vicissitudine
715 2130 1038 2199 interpolati,
1059 2149 1218 2199 quam
1236 2130 1460 2199 languor
1477 2130 1668 2182 unicus
1691 2130 1782 2200 qui
1802 2130 2077 2183 doloribus
2102 2131 2319 2184 irreme-

327 2214 481 2267 diatis
507 2235 617 2268 non
643 2224 816 2269 cessat
834 2216 1076 2284 affligere.

398 2300 658 2351 Pacuvius
698 2300 833 2352 flens
860 2300 934 2351 ait
967 2299 1123 2351 Arrio
1149 2299 1327 2352 vicino
1356 2318 1472 2364 su0,
1498 2303 1534 2329 “
1549 2299 1756 2364 Amice,
1788 2300 2032 2353 arborem
2058 2301 2232 2354 habeo
2258 2303 2316 2355 in

324 2386 480 2436 horto
507 2404 625 2438 meo
650 2385 933 2450 infelicem,
961 2385 1026 2437 de
1053 2404 1156 2454 qua
1182 2404 1238 2437 se
1265 2386 1437 2455 prima
1462 2405 1598 2437 uxor
1623 2405 1743 2438 mea
1770 2388 2070 2456 suspendit,
2089 2396 2144 2440 et
2169 2396 2319 2458 post-

324 2471 544 2522 modum
572 2472 820 2536 secunda,
859 2480 913 2523 et
944 2472 1056 2541 jam
1088 2490 1232 2523 nunc
1258 2471 1468 2524 tertia.’'
1545 2471 1645 2524 Cui
1674 2472 1879 2537 Arri.US,
1907 2477 1939 2502 “
1958 2474 2134 2526 Miror
2171 2483 2224 2526 te
2262 2475 2319 2526 in

324 2556 488 2608 tantis
521 2557 856 2609 successibus
882 2558 1182 2627 lachrymas
1207 2557 1532 2622 invenisse,''
1550 2567 1604 2610 et
1622 2558 1835 2623 iterum,
1857 2562 1891 2588 “
1909 2559 2000 2611 Dii
2018 2559 2166 2625 boni,
2187 2568 2320 2629 quot

325 2641 601 2711 dispendia
640 2642 739 2694 tibi
781 2643 937 2694 arbor
979 2643 1068 2695 illa
1107 2643 1460 2712 suspendit!''
1488 2653 1542 2695 et
1562 2644 1739 2708 terti0,
1772 2646 1806 2673 “
1831 2645 2038 2708 Amice,
2080 2646 2146 2696 da
2186 2645 2320 2696 mihi

327 2725 391 2777 de
434 2726 618 2778 arbore
661 2726 750 2777 illa
791 2727 1048 2791 surcuIOS,
1092 2746 1226 2795 quos
1270 2728 1496 2779 seram.”
1572 2727 1775 2792 Amice,
1818 2736 1873 2780 et
1913 2748 2011 2798 ego
2056 2730 2154 2781 tibi
2181 2730 2320 2795 dico,

326 2818 507 2862 metuo
534 2829 601 2862 ne
627 2818 682 2863 et
706 2820 760 2863 te
786 2820 1032 2880 oporteat
1058 2812 1260 2865 arboris
1298 2813 1440 2864 illius
1469 2814 1709 2865 surculos
1735 2815 2055 2879 mendicare,
2082 2834 2203 2867 cum
2238 2817 2320 2867 in-

326 2896 492 2947 veniri
522 2915 631 2948 non
651 2905 923 2965 poterunt.
1001 2898 1183 2950 Sensit
1204 2898 1466 2967 Sulpitius
1483 2898 1577 2950 ubi
1602 2898 1782 2968 ipsum
1809 2900 2015 2952 calceus
2045 2920 2172 2952 suus
2199 2920 2319 2971 pre-

329 2979 520 3045 mebat,
548 2980 638 3049 qui
663 2981 728 3032 ab
753 2999 919 3033 uxore
945 2981 1113 3033 nobili
1151 2990 1205 3034 et
1242 2990 1387 3034 casta
1431 2982 1664 3035 divertit.
1737 2984 1944 3050 Amice,
1966 3003 2093 3038 cave
2132 2986 2231 3038 tibi
2251 3005 2319 3039 ne

383 3189 407 3214 *
436 3191 521 3230 The
541 3196 625 3230 text
653 3193 695 3231 in
727 3194 796 3232 the
814 3194 947 3232 works
967 3194 1014 3233 of
1044 3194 1104 3233 St.
1126 3195 1153 3234 J
1157 3207 1292 3234 erome
1402 3196 1426 3244 Σ
1447 3198 1660 3245 testiculis,
1680 3198 1777 3238 MS.
1800 3198 1960 3238 Arund.
1982 3200 2063 3238 and
2081 3200 2151 3238 the
2171 3203 2258 3239 text
2276 3200 2319 3239 in

330 3257 457 3303 reads,
478 3260 562 3296 tum
584 3260 686 3298 Euri
708 3263 793 3298 tum
813 3262 928 3300 Noti.
1349 3263 1409 3302 St.
1427 3263 1452 3302 J
1457 3264 1630 3303 erome’s
1649 3265 1797 3305 works.

386 3325 417 3368 †
436 3325 536 3373 lybs,
556 3325 682 3366 MSS.
704 3327 884 3366 Arundel
902 3328 981 3367 and
1001 3328 1128 3369 Burn.
1402 3331 1423 3378 ἓ
1452 3332 1557 3379 sola,
1580 3332 1707 3371 MSS.
1730 3332 1886 3373 Arund.
1905 3333 1983 3372 and
2003 3334 2132 3374 Burn.
