2638 3860
326 378 395 438 78
1041 382 1353 419 GUALTERI
1382 381 1581 417 MAPES
1651 395 1654 397 ·
2004 380 2201 432 [Distinc.
2224 381 2286 422 ΙΙ.

329 517 421 582 ait,
458 519 494 548 ‘⁶
514 513 748 567 Domine
772 529 882 574 reX‚
919 509 1064 561 salva
1088 508 1366 577 majestate
1398 506 1558 576 regia,
1586 506 1794 558 Breauc
1825 522 1920 558 rex
1943 513 2128 558 noster
2164 514 2315 559 tanta

322 603 520 656 virtute
546 618 641 652 sua
680 612 1004 664 suorumque
1028 594 1324 663 praepollet,
1360 599 1421 643 ut
1458 610 1570 644 non
1594 590 1771 660 possis
1810 598 1872 643 tu
1907 592 1995 644 vel
2027 592 2311 662 quisquam

323 687 457 739 alius
495 704 589 737 rex
630 683 864 753 praedam
903 699 1055 733 suam
1091 680 1146 732 vi
1171 679 1450 742 abducere,
1478 677 1563 729 die
1596 677 1686 728 illa
1723 694 1827 745 qua
1851 695 2009 730 mane
2035 678 2314 730 cacumina·

323 771 588 824 montium
612 769 777 821 libera
803 767 911 819 sint
935 774 990 819 et
1014 766 1216 835 absque
1241 764 1385 817 nube
1410 771 1466 815 et
1499 762 1725 815 flumina
1753 761 1973 815 vallium
1998 762 2310 816 nebulosa.'’

323 858 457 920 Rex,
499 854 694 907 auditis
734 853 855 918 hiis,
898 853 1062 905 iratus
1088 850 1239 921 ligari
1276 869 1400 903 eum
1420 849 1584 918 jussit
1621 855 1676 901 et
1704 847 1762 899 in
1800 865 2065 900 carcerem
2103 848 2310 917 projici.

320 941 409 994 Ad
432 941 535 994 hoc
572 939 789 1009 quidam
831 957 1000 1008 nepos
1026 937 1181 1006 regiS,
1223 936 1314 1007 qui
1346 935 1600 1005 diligebat
1625 933 1902 999 Triunem,
1940 933 2160 986 nomine
2187 933 2311 985 Ma-

320 1027 473 1091 dauc,
510 1025 600 1090 ait,
654 1028 688 1055 “
707 1024 962 1090 Domine,
1004 1042 1116 1077 non
1158 1023 1267 1075 ulla
1319 1022 1508 1074 facetia
1558 1039 1681 1073 cum
1737 1019 2091 1072 indemnitate
2148 1020 2307 1071 famae

317 1120 507 1165 vestrae
549 1110 699 1181 ligari
734 1118 916 1181 potest
952 1117 1046 1163 aut
1080 1109 1217 1161 male
1243 1107 1475 1173 tractari,
1513 1114 1799 1176 antequam
1833 1105 2066 1158 mendax
2104 1105 2313 1158 inveni-

318 1205 453 1251 atur.
528 1197 691 1252 Quod
710 1196 785 1249 ait
801 1196 1024 1249 nebulas
1047 1213 1206 1265 super
1230 1193 1454 1246 fiumina
1480 1191 1718 1244 deteneri
1743 1199 1798 1243 et
1823 1191 2102 1244 cacumina
2125 1191 2310 1256 libera,

319 1283 469 1353 signa
495 1290 622 1334 sunt
647 1282 979 1347 serenitatis3
1016 1281 1135 1334 vult
1160 1287 1341 1332 autem
1368 1278 1663 1348 significare
1699 1277 1845 1347 quod
1870 1277 2009 1329 clara
2035 1277 2120 1330 die
2146 1296 2306 1331 nemo

317 1370 492 1439 possit
515 1369 640 1421 inde
669 1368 906 1438 praedam
932 1367 1138 1437 ejicere.
1214 1364 1511 1417 Probemus
1540 1382 1608 1415 an
1633 1381 1759 1416 vera
1786 1362 1857 1415 sit
1880 1363 1998 1416 haec
2029 1364 2306 1433 jactantia,

317 1455 565 1524 nactique
605 1454 944 1507 serenitatem
978 1454 1141 1517 hunc,
1184 1450 1442 1503 Triunem
1486 1449 1677 1501 ducem
1716 1448 1873 1501 nobis
1911 1448 2184 1514 faciamus,
2216 1449 2309 1519 qui

314 1540 551 1611 partium
575 1540 783 1591 illarum
823 1539 957 1591 situs
983 1538 1136 1590 novit
1179 1555 1283 1606 qua
1320 1534 1730 1604 ingrediendum
1764 1541 1820 1586 et
1851 1535 2158 1586 exeundum
2186 1535 2308 1587 sit.'’

316 1626 525 1679 Annuit
562 1643 672 1690 rex,
715 1624 1045 1694 ingressique
1089 1640 1313 1691 regnum
1349 1620 1582 1672 Brehein
1623 1638 1654 1671 a
1694 1619 2027 1672 Brekeniauc
2071 1621 2309 1688 praedam

311 1712 537 1766 multam
579 1710 922 1780 collegerunt.
998 1708 1231 1761 Sedebat
1267 1713 1447 1759 autem
1479 1724 1573 1758 rex
1600 1705 1863 1758 Brechein
1902 1705 1960 1756 in
1993 1705 2205 1771 balne0,
2254 1714 2309 1760 et

314 1816 473 1850 nemo
500 1796 549 1849 ei
575 1796 800 1849 dicebat.
872 1794 1185 1848 Timebatur
1204 1793 1347 1845 enim
1364 1811 1394 1844 a
1417 1792 1549 1846 vitio
1578 1810 1695 1856 SUO,
1713 1810 1840 1842 nam
1861 1809 2078 1844 omnem
2107 1791 2309 1844 sinistri

313 1882 540 1936 rumoris
567 1881 819 1933 nuntium
851 1881 908 1933 in
933 1881 1108 1950 primo
1145 1879 1421 1931 intellectu
1456 1877 1581 1929 mali
1621 1876 1777 1946 quasi
1803 1895 1834 1928 a
1860 1877 2105 1929 daemone
2130 1896 2309 1947 arrep-

314 1977 421 2032 tus,
438 1986 500 2019 eo
528 1967 669 2035 quod
696 1966 915 2018 tenebat
941 1966 1052 2018 sive
1076 1964 1272 2034 lapide,
1291 1963 1400 2016 sive
1427 1964 1588 2028 fuste,
1616 1962 1728 2015 sive
1753 1962 1948 2032 gladic,
1973 1963 2309 2032 percutiebat

318 2054 515 2117 subitO,
541 2060 595 2105 et
618 2059 744 2121 post
761 2052 993 2121 primum
1017 2052 1223 2121 jactum
1249 2058 1341 2102 aut
1360 2050 1529 2102 ictum
1549 2056 1642 2101 aut
1666 2048 1964 2119 impulsum
1989 2049 2304 2118 poenitebat,

318 2139 464 2193 etvel
478 2139 666 2190 laesum
681 2137 999 2190 velillaesum
1011 2135 1313 2199 revocabat,
1328 2141 1391 2186 ut
1409 2133 1731 2202 peraudiret.
1769 2133 2041 2185 Audiebat
2049 2134 2307 2203 clamores

318 2224 531 2287 nimiOS,
549 2231 604 2275 et
628 2230 740 2275 erat
757 2223 940 2275 lancea
959 2221 1220 2291 proxima,
1245 2220 1391 2271 unde
1410 2220 1613 2271 factum
1633 2226 1716 2271 est
1729 2226 1792 2271 ut
1811 2219 2050 2270 exercitu
2070 2237 2167 2273 suo
2178 2238 2308 2273 con-

315 2319 397 2363 tra
421 2310 604 2361 hostes
631 2308 853 2360 collecto
879 2325 1039 2359 nemo
1066 2307 1115 2358 ei
1141 2306 1424 2376 quicquam
1444 2305 1698 2357 nunciare
1724 2304 2089 2374 praesumpsit.
2166 2307 2307 2360 Puer

313 2404 495 2448 tamen
512 2412 577 2446 ex
593 2392 940 2445 nobilissimis
955 2393 1169 2444 illorum
1189 2391 1408 2443 tandem
1427 2390 1484 2442 in
1500 2390 1678 2443 medio
1698 2390 2000 2460 prosilienS,
2021 2390 2112 2456 ait,
2138 2394 2175 2421 “
2184 2392 2307 2447 Scio

317 2481 460 2551 quod
499 2497 597 2549 pro
623 2479 814 2531 timore
839 2497 1000 2531 nemo
1026 2485 1268 2530 vestrum
1293 2495 1597 2546 praeconem
1623 2494 1680 2529 se
1705 2476 1817 2546 regi
1853 2483 2041 2529 nostro
2076 2480 2307 2532 rumoris

313 2567 474 2636 hujus
485 2565 659 2630 faciet,
672 2565 765 2618 sed
786 2564 830 2617 si
845 2564 977 2616 mihi
993 2582 1179 2617 omnes
1195 2562 1594 2629 benedixeritiS,
1602 2562 1865 2615 nuntiabo
1882 2562 1931 2615 ei
1946 2562 2242 2632 periculum
2254 2566 2304 2630 ;''

314 2661 368 2707 et
393 2651 679 2704 summisso
706 2651 878 2720 capite
899 2657 1250 2720 susceptaque
1267 2649 1333 2701 ab
1361 2648 1614 2701 omnibus
1640 2666 1899 2700 manuum
1926 2655 1980 2700 et
2003 2647 2307 2717 linguarum

313 2737 703 2802 benedictione,
727 2737 838 2805 regi
872 2735 1043 2788 astitit
1081 2735 1324 2799 interiUS,
1365 2742 1420 2786 et
1454 2734 1544 2798 ait,
1587 2734 1847 2786 “Vestrae
1891 2740 2048 2785 terrae
2091 2751 2305 2803 reynOS,

314 2825 370 2877 id
404 2831 486 2876 est
523 2822 904 2886 Brecheniauc,
942 2839 1054 2873 non
1090 2827 1336 2890 pugnent
1369 2819 1564 2871 amodo
1609 2818 1732 2888 quia
1766 2818 2014 2870 animalia
2054 2819 2305 2874 desunt.'’

317 2909 569 2963 Prosiluit
611 2925 734 2977 ergo
774 2925 868 2959 rex
912 2926 943 2958 a
967 2906 1177 2970 balneo,
1203 2913 1258 2958 et
1295 2905 1354 2957 in
1384 2904 1577 2957 furoris
1620 2905 1829 2974 impetu
1865 2905 2098 2975 lapidem
2135 2924 2303 2976 prope

315 3007 583 3063 repertum
621 2993 678 3045 in
716 2993 897 3063 ipsum
939 2991 1170 3062 projicit,
1211 2991 1303 3044 sed
1348 3009 1460 3043 non
1504 2992 1867 3060 consequitur,
1912 2998 1967 3043 et
2009 3009 2158 3043 more
2203 3010 2301 3046 suo

314 3086 541 3144 revocat,
581 3079 908 3147 edoctusque
946 3096 1205 3142 rumoreS‚
1243 3075 1467 3146 arreptis
1511 3075 1754 3128 vestibus
1794 3084 1848 3129 et
1882 3076 2061 3142 armiS,
2088 3095 2303 3146 compe-

316 3162 488 3215 ditum
511 3164 678 3216 insilit
700 3164 756 3216 in
782 3183 997 3233 equum,
1024 3163 1116 3233 qui
1139 3162 1305 3215 libere
1338 3162 1519 3232 ipsum
1560 3169 1615 3214 et
1640 3162 1791 3232 quasi
1824 3181 1936 3214 non
1963 3162 2302 3231 compeditus

316 3264 349 3297 a
383 3255 565 3299 monte
606 3249 901 3315 Cumeraic,
939 3249 1034 3302 ubi
1072 3256 1203 3301 tunc
1241 3256 1369 3314 erat,
1409 3265 1580 3317 usque
1618 3247 1675 3299 in
1708 3255 1903 3300 terram
1931 3266 2083 3299 suam
2107 3247 2303 3317 rapuit,

317 3329 411 3382 ubi
450 3349 480 3381 a
517 3333 735 3385 muliere
779 3335 1103 3388 ammonitus
1130 3341 1213 3386 est
1238 3352 1438 3403 equum
1474 3333 1679 3386 solvere
1723 3351 1754 3384 a
1797 3332 2165 3402 compedibUS,
2209 3332 2301 3402 qui

318 3414 498 3467 statim
521 3415 695 3482 haesit,
720 3426 774 3470 et
812 3419 1097 3488 compertis
1131 3419 1358 3474 vinculis
1400 3418 1523 3488 equi
1565 3417 1648 3470 sui
1686 3436 1796 3471 non
1830 3418 2095 3486 processit
2131 3411 2302 3471 donec
