2638 3860
334 321 555 374 Cap.xiv.]
883 322 960 355 DE
991 320 1175 356 Nuois
1206 319 1581 356 CURIALIUM.
2192 306 2290 354 181

281 450 525 502 levamen
561 447 842 512 habemus,
869 448 1110 500 laetitiam
1149 448 1452 512 nescimus;
1493 446 1837 499 sublevamur
1864 445 2074 510 solati0,
2100 444 2296 514 gaudio

282 554 391 586 non
419 534 659 586 beamur.
735 535 999 586 Ascendit
1038 542 1219 587 autem
1263 535 1320 587 in
1364 534 1522 586 nobis
1551 552 1675 586 curn
1702 532 1904 585 divitiis
1930 549 2146 596 moeror,
2173 531 2297 600 quia

283 628 485 688 quanto
528 619 646 688 quis
699 619 869 687 major
919 628 1018 683 est,
1064 628 1216 673 tanto
1268 619 1458 689 majori
1507 628 1790 688 quassatur
1842 636 1952 670 suae
2002 616 2297 668 voluntatis

280 707 505 771 assultu,
533 717 587 758 et
612 706 664 756 in
697 706 932 775 praedam
960 707 1186 758 aliorum
1214 707 1481 776 diripitur.
1560 707 1626 757 In
1660 706 1761 758 hac
1801 723 1899 774 ego
1926 703 2216 756 miserabili
2243 709 2299 755 et

281 793 489 844 curiosa
538 792 827 860 languesco
897 791 1060 854 curia,
1126 792 1260 844 meis
1326 791 1714 843 abrenuntians
1776 789 2167 854 voluntatibus,
2235 796 2299 840 ut

282 878 522 946 placeam
592 876 728 928 aliis,
822 876 963 928 Cum
1034 877 1179 928 enim
1229 877 1543 946 paucissimi
1587 877 1776 946 juvare
1837 876 2069 946 possint,
2121 874 2295 945 quivis

281 981 473 1014 nocere
501 969 715 1032 potest3
761 961 866 1013 nisi
906 962 1171 1031 placatam
1216 962 1454 1015 habuero
1498 962 1644 1014 solus
1690 961 2115 1027 universitatem,
2161 962 2298 1014 nihil

283 1066 440 1110 sum3
483 1047 528 1098 si
554 1047 828 1099 virtuosus
864 1065 1190 1116 praecessero
1210 1056 1273 1099 ut
1302 1047 1429 1099 fiam
1467 1047 1787 1112 invidiosuS,
1813 1048 1951 1100 clam
1995 1047 2298 1113 detrahent,

278 1142 333 1185 et
360 1134 668 1185 defensores
697 1151 846 1185 meos
874 1133 1130 1202 deceptos
1157 1133 1470 1204 apparentia
1490 1134 1695 1198 dicunt,
1718 1134 1763 1185 si
1789 1134 1981 1203 placet.
2058 1135 2295 1186 Fatuum

273 1219 538 1288 judicant,
582 1218 884 1288 pacificum,
930 1219 1190 1282 desidem,
1216 1218 1459 1282 tacitum,
1486 1236 1737 1287 nequam,
1781 1218 1919 1271 bene
1962 1218 2295 1288 loquentem,

282 1304 510 1356 nimium
539 1304 852 1374 benignum,
887 1305 1241 1369 adulatorem,
1267 1304 1498 1356 nihilum
1537 1303 1848 1369 sollicitum,
1875 1304 2150 1374 cupidum,
2176 1324 2300 1375 pes-

285 1391 549 1456 tilentem,
570 1392 740 1461 pium,
766 1391 1072 1455 remissum,
1111 1390 1352 1455 divitem,
1388 1408 1628 1455 avarum,
1656 1399 1919 1455 orantem,
1945 1391 2302 1462 hypocritam,

284 1494 396 1527 non
447 1485 710 1541 orantem,
760 1475 1128 1545 publicanum.
1228 1475 1468 1528 Necesse
1518 1475 1723 1528 habent
1772 1476 1840 1527 ad
1889 1476 1991 1528 hos
2044 1476 2302 1529 succincti

285 1562 572 1628 tumultus,
630 1570 693 1614 ut
757 1562 1051 1614 virtutibus
1113 1561 1417 1631 suppressis
1449 1570 1725 1614 armentur
1771 1562 1954 1628 vitiis3
2020 1563 2300 1632 utriusque

285 1647 463 1699 locum
492 1656 647 1700 caute
674 1647 1025 1717 distinguant,
1060 1654 1123 1699 ut
1166 1646 1325 1699 bonis
1365 1646 1502 1716 justi
1544 1646 1849 1711 videantur,
1876 1647 2032 1699 malis
2058 1648 2301 1717 pessimi.

288 1733 590 1785 Consilium
635 1741 816 1788 autem
863 1733 1076 1786 salubre
1127 1752 1287 1786 nemo
1325 1733 1568 1803 ambigit,
1613 1741 1676 1785 ut
1720 1751 1934 1804 semper
1982 1734 2039 1785 in
2090 1734 2302 1786 occulto

289 1819 496 1872 colatur
543 1819 798 1884 TrinitaS,
839 1827 895 1871 et
951 1820 1009 1871 in
1050 1821 1227 1872 cordis
1281 1838 1474 1872 arcana
1522 1820 1759 1889 puritate
1811 1820 2019 1872 sincera
2083 1820 2300 1872 devotio

286 1905 600 1971 celebretur,
627 1906 879 1976 quatinus
905 1906 1132 1958 interius
1162 1905 1485 1958 solennitate
1515 1913 1742 1971 servata,
1770 1906 2023 1959 decenter
2064 1914 2119 1958 et
2158 1914 2305 1959 caste

287 1992 507 2044 defensa
555 2009 878 2061 quocunque
930 1992 1093 2044 modo
1155 2009 1370 2043 saccum
1423 1989 1634 2043 concidi
1683 1990 1964 2060 permittat
2014 1990 2304 2043 DominUS.

286 2078 415 2129 Non
443 2083 755 2145 permutent
780 2075 1068 2128 extrinseci
1094 2095 1252 2141 casus
1290 2076 1348 2127 in
1374 2084 1634 2128 terrorem
1677 2076 1973 2138 hominem,
2002 2094 2102 2128 nec
2128 2083 2306 2128 trans-

287 2163 533 2216 euntium
574 2162 894 2231 perturbent
934 2163 1231 2214 accidentia
1256 2162 1605 2214 residentiam
1653 2163 1847 2214 animae
1893 2162 2304 2214 substantialem

286 2250 343 2301 in
370 2249 628 2301 Domino.
708 2248 831 2300 Hoc
858 2248 923 2299 de
961 2256 1146 2299 nostra
1180 2246 1344 2299 velim
1371 2246 1702 2298 manifestari
1721 2247 1884 2309 curia,
1911 2246 2035 2315 quia
2061 2247 2304 2299 nondum

288 2335 470 2386 audita
496 2342 580 2387 est
606 2334 655 2386 ei
682 2334 871 2385 similis
898 2333 1168 2402 praeterita
1194 2332 1280 2385 vel
1306 2332 1528 2384 timetur
1561 2332 1761 2384 futura.
1839 2332 2015 2401 Cupio
2055 2331 2217 2384 etiam
2245 2342 2306 2383 ut

287 2427 506 2490 postera
532 2418 843 2471 recordetur
868 2418 1031 2487 hujus
1059 2416 1277 2469 malitiae
1303 2416 1512 2481 militia,
1540 2417 1817 2486 sciantque
1860 2416 2156 2469 tolerabilia
2181 2434 2301 2485 per·

288 2506 402 2576 peti
445 2524 475 2556 a
513 2504 673 2556 nobis
717 2503 1118 2555 intolerantiam
1157 2502 1332 2572 passis
1372 2502 1566 2554 edocti.
1643 2503 1856 2572 Surgite
1896 2502 2073 2571 igitur,
2117 2520 2301 2554 eamus

285 2591 429 2655 hinc,
455 2590 578 2660 quia
596 2590 738 2642 inter
755 2590 873 2659 ejus
895 2607 1086 2659 operas
1107 2588 1194 2640 cui
1213 2586 1717 2639 abrenunciavimus
1743 2586 1801 2638 in
1826 2586 2099 2656 baptismo
2120 2587 2302 2638 Deum

286 2679 495 2749 placare
529 2678 615 2729 vel
658 2677 707 2730 ei
746 2677 956 2746 placere
997 2693 1108 2727 non
1153 2692 1407 2727 vacamus
1425 2694 1441 2738 3
1485 2673 1575 2725 hic
1619 2673 1763 2725 enim
1808 2673 1984 2726 omnis
2026 2673 2191 2725 homo
2216 2672 2305 2724 vel

288 2781 512 2816 uxorem
541 2762 690 2815 ducit
715 2762 800 2815 vel
820 2763 953 2831 juga
978 2760 1146 2813 boum
1171 2758 1384 2829 probat,
1425 2776 1558 2828 quas
1603 2758 1981 2811 excusationes
2027 2756 2300 2827 quomodo

292 2849 468 2902 Salius
495 2848 760 2913 vitaverit,
787 2848 986 2900 audite.

710 3063 795 3113 De
823 3063 970 3115 Salio
983 3063 1104 3129 filio
1133 3062 1435 3114 admirandi
1460 3060 1696 3127 majoris,
1770 3060 1878 3113 xiv·

365 3263 558 3326 Salius,
627 3261 844 3314 natione
912 3260 1126 3329 rituque
1183 3258 1418 3328 gentilis,
1488 3257 1630 3310 filius
1701 3256 1999 3311 admirandi
2066 3262 2301 3332 majoriS,
