2638 3860
377 299 477 352 Cap.
498 300 590 351 η]
1005 299 1083 334 DE
1125 297 1310 335 NUG1s
1349 296 1723 333 oURIALmM.
2301 275 2368 325 23

349 425 732 478 inundationes
759 442 790 476 a
815 424 994 477 medio
1023 425 1160 477 Maii
1186 426 1357 478 donec
1385 421 1796 494 Septuagesima
1821 419 1991 483 fieret,
2018 434 2139 486 quae
2178 421 2372 485 negata

350 511 508 563 nobis
536 530 767 576 annona,
787 511 1051 564 fructibus
1080 513 1374 577 suffocatis,
1400 512 1543 564 foeda
1569 527 1783 580 quoque
1808 505 2110 577 germinum
2138 502 2300 555 noxia
2317 510 2373 555 et

350 595 562 648 inutilia
589 604 922 661 creaverunt,
949 615 1401 667 communemque
1427 597 1671 648 fecerunt
1696 591 2009 646 animalium
2030 597 2371 658 stragemque

354 680 656 732 hominum.
735 680 983 750 Cumque
1010 683 1308 751 Neptunus
1336 699 1549 751 semper
1574 688 1669 732 aut
1695 696 1838 749 saepe
1866 675 2099 746 Cybeles
2132 674 2374 744 inopiam

356 785 454 818 sua
488 767 643 836 copia
679 767 840 832 levet,
881 768 1074 820 clausit
1117 786 1148 819 a
1191 776 1333 820 terra
1371 766 1753 819 misericordiae
1792 763 2000 815 viscera
2041 779 2206 826 mare,
2248 759 2374 811 soli-

358 859 584 922 tumque
612 853 782 904 sorori
798 855 1014 922 negavit
1032 853 1389 922 impendium.
1463 851 1693 903 Addidit
1712 850 1874 903 etiam
1890 855 2148 916 tanquam
2170 844 2372 898 oblitus

354 938 594 990 misereri
620 937 892 990 Dominus
918 939 986 989 ad
1013 938 1254 990 dolorem
1291 937 1644 1005 turpitudinis
1682 943 1991 1004 temporum
2037 931 2374 984 sterilitatem

356 1028 529 1085 terrae,
560 1019 740 1083 mariS,
767 1026 823 1070 et
847 1019 1001 1083 aeriS,
1030 1019 1282 1088 spiritum
1311 1017 1592 1069 discordiae
1623 1016 1784 1069 solvit
1812 1017 1879 1068 ab
1904 1016 2105 1081 inferiS,
2134 1023 2188 1068 et
2214 1033 2376 1085 quern

358 1123 514 1158 cruce
541 1104 713 1157 carnis
741 1111 1034 1173 assumptae
1060 1104 1317 1173 ligaverat
1352 1102 1411 1154 in
1452 1101 1583 1154 orbe
1622 1109 1741 1153 toto
1783 1101 1969 1154 ludere
2011 1101 2279 1154 concessit
2322 1106 2378 1152 et

357 1208 457 1259 pro
485 1198 614 1242 voto
640 1188 879 1257 pessimo
921 1187 1247 1240 Christianis
1286 1187 1529 1239 illudere.
1606 1186 1871 1238 Nondum
1916 1187 2240 1256 completam
2275 1185 2379 1237 ini-

360 1276 622 1345 quitatem
660 1273 821 1338 maIO,
867 1273 942 1325 ait
986 1273 1280 1338 DominuS,
1339 1279 1395 1325 et
1454 1270 1667 1324 distulit
1729 1290 1848 1324 eam
1903 1273 2145 1341 perdere,
2205 1272 2378 1323 donec

358 1361 706 1431 impleretur3
749 1359 845 1411 sed
871 1367 1058 1411 nostra
1082 1359 1356 1411 videbitur
1383 1366 1495 1410 tam
1522 1355 1792 1426 completa
1836 1366 1947 1410 tam
1992 1358 2264 1411 cumulata
2301 1358 2380 1408 fa-

358 1447 544 1510 tuitaS,
563 1454 627 1497 ut
643 1465 753 1498 non
774 1453 990 1497 tantum
1005 1445 1062 1496 in
1088 1452 1275 1496 nostra
1299 1444 1386 1496 vel
1412 1443 1470 1494 in
1497 1461 1597 1494 nos
1618 1442 1786 1495 irruat
1801 1443 2099 1513 iniquitatis
2116 1443 2269 1507 ultio,
2288 1442 2383 1494 sed

359 1532 416 1583 in
443 1550 730 1601 personam
756 1530 1029 1600 propriam
1055 1537 1276 1599 putetur
1302 1529 1583 1581 admittere
1609 1527 1905 1580 vindictam
1934 1530 2186 1581 Sathanae
2211 1527 2384 1579 victor

364 1618 479 1687 ejus
507 1618 780 1669 Dominus
818 1616 1039 1668 Jhesus.
1115 1616 1260 1667 Nam
1285 1616 1340 1666 in
1371 1615 1561 1667 eodem
1602 1612 1931 1666 infelicitatis
1958 1633 2118 1678 ann0,
2169 1619 2382 1681 captam

364 1704 516 1755 aiunt
541 1711 597 1755 et
621 1701 946 1771 captivatam
976 1708 1217 1751 sanctam
1245 1699 1519 1752 civitatem
1546 1698 1850 1752 Jerusalem
1878 1719 1908 1751 a
1936 1699 2188 1752 Saladino
2233 1697 2381 1766 prin-

364 1790 482 1859 cipe
519 1788 906 1858 paganorum,*
942 1793 1205 1855 pesteque
1246 1783 1539 1837 cruentiori
1577 1782 1959 1851 depopulatam
1988 1799 2149 1850 quam
2174 1777 2385 1831 fleverit

365 1875 402 1928 J
406 1874 630 1927 eremias
675 1872 733 1923 in
777 1870 1003 1935 threnis,
1045 1871 1137 1940 qui
1180 1870 1316 1922 flens
1360 1869 1451 1932 ait,
1496 1866 1863 1920 “Sacerdotes
1921 1866 2037 1935 ejus
2086 1872 2384 1935 gementeS,

366 1961 600 2030 virgines
622 1960 738 2029 ejus
767 1957 1115 2027 squalidae.”†
1141 1956 1177 2009 J
1181 1975 1268 2008 am
1293 1956 1349 2007 in
1378 1973 1439 2007 ea
1464 1971 1565 2005 nec
1592 1951 1897 2004 sacerdotes
1917 1959 2144 2021 gemunt
2162 1969 2262 2003 nec
2282 1950 2387 2002 vir-

367 2046 518 2116 gines
537 2044 794 2114 squalidae
816 2050 962 2106 sunt,
981 2042 1104 2111 quia
1120 2061 1232 2094 non
1251 2049 1397 2094 sunt.
1441 2041 1530 2092 Ad
1548 2038 1788 2091 modicas
1804 2045 2105 2091 vastaverat
2120 2037 2387 2107 populum

367 2133 514 2184 hunc
557 2131 714 2182 Titus
752 2127 1021 2196 reliquias,
1064 2127 1211 2178 ultor
1254 2125 1573 2194 injuriarum
1600 2122 1859 2186 Domini3
1902 2124 1997 2176 sed
2040 2123 2244 2175 inscius
2283 2122 2387 2173 iste

369 2225 547 2270 totum
574 2215 819 2267 funditus
847 2213 1161 2277 adnullavit,
1181 2214 1322 2264 facta
1341 2230 1565 2282 prorsus
1593 2210 1838 2263 omnium
1857 2208 1934 2260 ibi
1952 2207 2385 2259 Christianorum

373 2303 658 2356 deletione.
719 2298 1039 2367 Sepulcrum
1066 2302 1121 2347 et
1147 2313 1279 2346 crux
1304 2294 1529 2346 Domini
1552 2293 1734 2362 praeda
1761 2298 1891 2342 sunt
1923 2307 2136 2352 canum,
2158 2306 2387 2357 quorum

370 2387 540 2437 fames
556 2384 612 2434 in
632 2387 844 2434 tantum
858 2379 1055 2429 lassata
1070 2376 1173 2426 fuit
1189 2383 1244 2427 et
1261 2375 1521 2444 sanguine
1537 2381 1893 2442 martyrorum
1905 2375 2113 2437 satiata,
2130 2380 2192 2424 ut
2207 2373 2388 2441 plures

373 2472 441 2524 ad
485 2466 916 2537 redemptionem
960 2460 1310 2526 admiserunt,
1355 2478 1467 2512 non
1511 2467 1623 2511 tam
1670 2458 1964 2527 cupiditate
2008 2457 2250 2527 pecuniae
2300 2457 2389 2509 vel

376 2556 592 2608 defectu
616 2549 852 2613 malitiae,
880 2565 1042 2617 quam
1070 2545 1281 2614 ignavia
1306 2543 1668 2614 relanguentis
1710 2550 1766 2595 et
1804 2543 1961 2595 fessae
1999 2541 2182 2594 rabiei.
2257 2542 2386 2593 Non

377 2642 522 2694 enim
550 2639 771 2691 deerant
812 2633 946 2687 colla
991 2631 1278 2695 submissa,
1325 2631 1415 2682 sed
1465 2631 1778 2683 defecerunt
1816 2629 1993 2698 gladii.
2069 2627 2389 2697 Redemptis

376 2735 559 2793 autem
602 2742 713 2776 non
759 2727 843 2774 est
882 2718 1216 2787 subsequuta
1251 2716 1491 2782 libertaS,
1530 2716 1627 2768 sed
1671 2715 1763 2785 qui
1809 2733 1865 2766 se
1908 2714 2236 2767 redimerant
2279 2712 2393 2765 dati

435 2897 461 2924 *
490 2895 722 2937 Jerusalem
744 2906 822 2933 was
855 2893 981 2932 taken
1014 2892 1069 2942 by
1101 2890 1266 2929 Saladin
1302 2903 1356 2929 on
1411 2891 1484 2928 the
1504 2892 1620 2928 west.
1677 2889 1767 2927 The
1788 2888 1927 2933 latter,
1949 2886 1994 2924 in
2013 2885 2123 2924 their
2144 2884 2231 2923 zeal
2245 2883 2310 2923 for
2325 2883 2395 2923 the

381 2967 452 3006 the
486 2965 540 3004 2d
572 2963 618 3002 of
646 2961 842 3008 October,
897 2962 1015 2999 1187.
1070 2959 1160 2997 The
1190 2962 1358 3009 present
1413 2957 1585 3004 church,
1608 2955 1857 2995 overlooked
1880 2954 1950 2992 the
1970 2951 2225 2991 moderatiori
2253 2951 2394 2990 shown

384 3035 554 3084 chapter
573 3043 653 3070 was
672 3029 870 3081 probably
890 3028 1054 3067 written
1072 3027 1118 3064 in
1139 3026 1209 3064 the
1232 3026 1359 3064 midst
1412 3024 1468 3075 by
1495 3025 1566 3063 the
1598 3034 1830 3074 conqueror
1861 3020 2038 3059 towards
2070 3020 2140 3059 the
2186 3019 2396 3059 Christian

384 3103 431 3142 of
457 3102 527 3140 the
562 3097 872 3139 consternation
902 3095 1039 3134 which
1068 3094 1139 3132 the
1171 3105 1280 3132 news
1318 3093 1365 3131 of
1414 3092 1659 3143 population
1679 3091 1726 3130 of
1742 3090 1810 3128 the
1830 3089 1928 3138 holy
1948 3088 2047 3139 city.

384 3171 475 3210 that
495 3171 615 3208 event
636 3164 784 3204 caused
804 3175 953 3213 among
972 3162 1043 3200 the
1071 3160 1299 3200 Christians
1319 3160 1365 3199 of
1474 3161 1504 3204 †
1535 3159 1764 3198 Lamentat.
1785 3157 1812 3198 J
1816 3170 1939 3196 erem.
1961 3156 1990 3196 i.
2013 3158 2053 3194 4.
