<?xml version="1.0" encoding="UTF-8"?>
<!DOCTYPE html PUBLIC "-//W3C//DTD XHTML 1.0 Transitional//EN"
    "http://www.w3.org/TR/xhtml1/DTD/xhtml1-transitional.dtd">
<html xmlns="http://www.w3.org/1999/xhtml" xml:lang="en" lang="en">
 <head>
  <title>
</title>
<meta http-equiv="Content-Type" content="text/html;charset=utf-8" />
  <meta name='ocr-system' content='tesseract 3.04.00' />
  <meta name='ocr-capabilities' content='ocr_page ocr_carea ocr_par ocr_line ocrx_word'/>
</head>
<body>
  <div class='ocr_page' id='page_1' title='image "./gualterimapes00camduoft/gualterimapes00camduoft_0078.png"; bbox 0 0 2638 3860; ppageno 0'>
   <div class='ocr_carea' id='block_1_1' title="bbox 354 385 2317 442">
    <p class='ocr_par' dir='ltr' id='par_1_1' title="bbox 354 385 2317 442">
     <span class='ocr_line' id='line_1_1' title="bbox 354 385 2317 442; baseline 0.002 -16"><span class='ocrx_word' id='word_1_1' title='bbox 354 385 421 432; x_wconf 85' lang='lat'>58</span> <span class='ocrx_word' id='word_1_2' title='bbox 1066 391 1377 428; x_wconf 79' lang='lat' dir='ltr'>GUALTERI</span> <span class='ocrx_word' id='word_1_3' title='bbox 1419 390 1621 426; x_wconf 84' lang='lat' dir='ltr'>MAPES</span> <span class='ocrx_word' id='word_1_4' title='bbox 2055 391 2253 442; x_wconf 84' lang='lat' dir='ltr'>[Distinc.</span> <span class='ocrx_word' id='word_1_5' title='bbox 2280 391 2317 430; x_wconf 89' lang='lat' dir='ltr'>I.</span> 
     </span>
    </p>
   </div>
   <div class='ocr_carea' id='block_1_2' title="bbox 358 514 2348 670">
    <p class='ocr_par' dir='ltr' id='par_1_2' title="bbox 358 514 2348 670">
     <span class='ocr_line' id='line_1_2' title="bbox 358 514 2348 586; baseline -0.003 -13"><span class='ocrx_word' id='word_1_6' title='bbox 358 529 529 573; x_wconf 88' lang='lat' dir='ltr'>mutet</span> <span class='ocrx_word' id='word_1_7' title='bbox 553 518 888 572; x_wconf 73' lang='lat' dir='ltr'>contumeliae</span> <span class='ocrx_word' id='word_1_8' title='bbox 907 535 1032 570; x_wconf 91' lang='lat' dir='ltr'>vasa</span> <span class='ocrx_word' id='word_1_9' title='bbox 1063 516 1120 568; x_wconf 92' lang='lat' dir='ltr'>in</span> <span class='ocrx_word' id='word_1_10' title='bbox 1155 515 1533 568; x_wconf 84' lang='lat' dir='ltr'>misericordiae</span> <span class='ocrx_word' id='word_1_11' title='bbox 1558 514 1877 578; x_wconf 90' lang='lat' dir='ltr'>habitacula,</span> <span class='ocrx_word' id='word_1_12' title='bbox 1903 522 1966 567; x_wconf 92' lang='lat' dir='ltr'>ut</span> <span class='ocrx_word' id='word_1_13' title='bbox 1998 516 2099 586; x_wconf 89' lang='lat' dir='ltr'>ipsi</span> <span class='ocrx_word' id='word_1_14' title='bbox 2128 516 2348 569; x_wconf 90' lang='lat' dir='ltr'>videant</span> 
     </span>
     <span class='ocr_line' id='line_1_3' title="bbox 359 600 2347 670; baseline -0.004 -12"><span class='ocrx_word' id='word_1_15' title='bbox 359 625 416 658; x_wconf 91' lang='lat' dir='ltr'>se</span> <span class='ocrx_word' id='word_1_16' title='bbox 442 606 654 668; x_wconf 81' lang='lat' dir='ltr'>certiuS,</span> <span class='ocrx_word' id='word_1_17' title='bbox 681 613 734 656; x_wconf 89' lang='lat' dir='ltr'>et</span> <span class='ocrx_word' id='word_1_18' title='bbox 774 621 829 654; x_wconf 89' lang='lat' dir='ltr'>se</span> <span class='ocrx_word' id='word_1_19' title='bbox 872 609 1022 653; x_wconf 92' lang='lat' dir='ltr'>tanto</span> <span class='ocrx_word' id='word_1_20' title='bbox 1062 600 1296 651; x_wconf 90' lang='lat' dir='ltr'>minores</span> <span class='ocrx_word' id='word_1_21' title='bbox 1335 600 1608 652; x_wconf 84' lang='lat' dir='ltr'>aestiment</span> <span class='ocrx_word' id='word_1_22' title='bbox 1647 617 1826 651; x_wconf 88' lang='lat' dir='ltr'>coram</span> <span class='ocrx_word' id='word_1_23' title='bbox 1861 600 2012 669; x_wconf 88' lang='lat' dir='ltr'>justo</span> <span class='ocrx_word' id='word_1_24' title='bbox 2054 609 2109 653; x_wconf 92' lang='lat' dir='ltr'>et</span> <span class='ocrx_word' id='word_1_25' title='bbox 2134 619 2347 670; x_wconf 89' lang='lat' dir='ltr'>magno,</span> 
     </span>
    </p>
   </div>
   <div class='ocr_carea' id='block_1_3' title="bbox 358 683 2347 824">
    <p class='ocr_par' dir='ltr' id='par_1_3' title="bbox 358 683 2347 824">
     <span class='ocr_line' id='line_1_4' title="bbox 358 683 2347 758; baseline -0.003 -17"><span class='ocrx_word' id='word_1_26' title='bbox 358 697 555 758; x_wconf 88' lang='lat' dir='ltr'>quanto</span> <span class='ocrx_word' id='word_1_27' title='bbox 582 688 747 756; x_wconf 87' lang='lat' dir='ltr'>magis</span> <span class='ocrx_word' id='word_1_28' title='bbox 772 687 876 756; x_wconf 93' lang='lat' dir='ltr'>ipsi</span> <span class='ocrx_word' id='word_1_29' title='bbox 902 684 1162 738; x_wconf 90' lang='lat' dir='ltr'>contritos</span> <span class='ocrx_word' id='word_1_30' title='bbox 1189 692 1243 736; x_wconf 91' lang='lat' dir='ltr'>et</span> <span class='ocrx_word' id='word_1_31' title='bbox 1267 684 1497 736; x_wconf 82' lang='lat' dir='ltr'><strong>humiles</strong></span> <span class='ocrx_word' id='word_1_32' title='bbox 1525 683 1845 748; x_wconf 80' lang='lat' dir='ltr'><strong>deriserunt,</strong></span> <span class='ocrx_word' id='word_1_33' title='bbox 1872 693 1926 737; x_wconf 93' lang='lat' dir='ltr'>et</span> <span class='ocrx_word' id='word_1_34' title='bbox 1950 686 2051 737; x_wconf 93' lang='lat' dir='ltr'>hos</span> <span class='ocrx_word' id='word_1_35' title='bbox 2077 685 2347 755; x_wconf 86' lang='lat' dir='ltr'>religionis</span> 
     </span>
     <span class='ocr_line' id='line_1_5' title="bbox 358 770 1084 824; baseline -0.004 0"><span class='ocrx_word' id='word_1_36' title='bbox 358 773 532 824; x_wconf 92' lang='lat' dir='ltr'>cultus</span> <span class='ocrx_word' id='word_1_37' title='bbox 557 772 766 824; x_wconf 89' lang='lat' dir='ltr'>novitas</span> <span class='ocrx_word' id='word_1_38' title='bbox 793 770 1084 823; x_wconf 90' lang='lat' dir='ltr'>adinvenit.</span> 
     </span>
    </p>
   </div>
   <div class='ocr_carea' id='block_1_4' title="bbox 762 912 1954 981">
    <p class='ocr_par' dir='ltr' id='par_1_4' title="bbox 762 912 1954 981">
     <span class='ocr_line' id='line_1_6' title="bbox 762 912 1954 981; baseline -0.001 -17"><span class='ocrx_word' id='word_1_39' title='bbox 762 912 1143 979; x_wconf 77' lang='lat' dir='ltr'>Recapitulatio</span> <span class='ocrx_word' id='word_1_40' title='bbox 1174 912 1734 965; x_wconf 77' lang='lat' dir='ltr'>Grandimontensium.</span> <span class='ocrx_word' id='word_1_41' title='bbox 1807 912 1954 981; x_wconf 85' lang='lat' dir='ltr'>xxvj.</span> 
     </span>
    </p>
   </div>
   <div class='ocr_carea' id='block_1_5' title="bbox 359 1022 2375 3465">
    <p class='ocr_par' dir='ltr' id='par_1_5' title="bbox 359 1022 2375 3465">
     <span class='ocr_line' id='line_1_7' title="bbox 428 1022 2351 1093; baseline -0.001 -15"><span class='ocrx_word' id='word_1_42' title='bbox 428 1027 533 1078; x_wconf 91' lang='lat' dir='ltr'>Est</span> <span class='ocrx_word' id='word_1_43' title='bbox 569 1026 729 1078; x_wconf 90' lang='lat' dir='ltr'>etiam</span> <span class='ocrx_word' id='word_1_44' title='bbox 772 1025 889 1089; x_wconf 92' lang='lat' dir='ltr'>alia,</span> <span class='ocrx_word' id='word_1_45' title='bbox 932 1031 995 1075; x_wconf 96' lang='lat' dir='ltr'>ut</span> <span class='ocrx_word' id='word_1_46' title='bbox 1045 1023 1383 1093; x_wconf 90' lang='lat' dir='ltr'>supradictus</span> <span class='ocrx_word' id='word_1_47' title='bbox 1428 1031 1529 1087; x_wconf 89' lang='lat' dir='ltr'>est,</span> <span class='ocrx_word' id='word_1_48' title='bbox 1570 1022 2145 1075; x_wconf 88' lang='lat' dir='ltr'>Grandimontensium</span> <span class='ocrx_word' id='word_1_49' title='bbox 2189 1030 2351 1089; x_wconf 89' lang='lat' dir='ltr'>secta,</span> 
     </span>
     <span class='ocr_line' id='line_1_8' title="bbox 360 1107 2353 1180; baseline -0.002 -17"><span class='ocrx_word' id='word_1_50' title='bbox 360 1130 478 1180; x_wconf 82' lang='lat' dir='ltr'>quae</span> <span class='ocrx_word' id='word_1_51' title='bbox 504 1130 534 1162; x_wconf 92' lang='lat' dir='ltr'>a</span> <span class='ocrx_word' id='word_1_52' title='bbox 560 1111 790 1180; x_wconf 92' lang='lat' dir='ltr'>quodam</span> <span class='ocrx_word' id='word_1_53' title='bbox 819 1109 1092 1178; x_wconf 83' lang='lat' dir='ltr'>Stephano</span> <span class='ocrx_word' id='word_1_54' title='bbox 1120 1108 1352 1177; x_wconf 80' lang='lat' dir='ltr'>sumpsit</span> <span class='ocrx_word' id='word_1_55' title='bbox 1392 1108 1688 1172; x_wconf 85' lang='lat' dir='ltr'>exordium,</span> <span class='ocrx_word' id='word_1_56' title='bbox 1735 1107 1826 1176; x_wconf 87' lang='lat' dir='ltr'>qui</span> <span class='ocrx_word' id='word_1_57' title='bbox 1869 1108 2076 1177; x_wconf 87' lang='lat' dir='ltr'>regulas</span> <span class='ocrx_word' id='word_1_58' title='bbox 2119 1127 2241 1160; x_wconf 91' lang='lat' dir='ltr'>suas</span> <span class='ocrx_word' id='word_1_59' title='bbox 2285 1126 2353 1161; x_wconf 86' lang='lat' dir='ltr'>ex</span> 
     </span>
     <span class='ocr_line' id='line_1_9' title="bbox 359 1192 2355 1265; baseline -0.002 -17"><span class='ocrx_word' id='word_1_60' title='bbox 359 1196 651 1265; x_wconf 87' lang='lat' dir='ltr'>Evangelio</span> <span class='ocrx_word' id='word_1_61' title='bbox 679 1194 909 1264; x_wconf 80' lang='lat' dir='ltr'>scripsit,</span> <span class='ocrx_word' id='word_1_62' title='bbox 937 1211 1152 1246; x_wconf 90' lang='lat' dir='ltr'>omnem</span> <span class='ocrx_word' id='word_1_63' title='bbox 1178 1193 1540 1245; x_wconf 80' lang='lat' dir='ltr'>exterminans</span> <span class='ocrx_word' id='word_1_64' title='bbox 1567 1192 1861 1245; x_wconf 90' lang='lat' dir='ltr'>avaritiam.</span> <span class='ocrx_word' id='word_1_65' title='bbox 1939 1194 2127 1246; x_wconf 92' lang='lat' dir='ltr'>Unum</span> <span class='ocrx_word' id='word_1_66' title='bbox 2151 1193 2355 1245; x_wconf 89' lang='lat' dir='ltr'>habent</span> 
     </span>
     <span class='ocr_line' id='line_1_10' title="bbox 360 1277 2354 1350; baseline -0.001 -18"><span class='ocrx_word' id='word_1_67' title='bbox 360 1282 591 1350; x_wconf 85' lang='lat' dir='ltr'>priorem</span> <span class='ocrx_word' id='word_1_68' title='bbox 633 1280 1025 1349; x_wconf 88' lang='lat' dir='ltr'>presbyterum,</span> <span class='ocrx_word' id='word_1_69' title='bbox 1051 1277 1142 1347; x_wconf 94' lang='lat' dir='ltr'>qui</span> <span class='ocrx_word' id='word_1_70' title='bbox 1184 1277 1329 1330; x_wconf 93' lang='lat' dir='ltr'>domi</span> <span class='ocrx_word' id='word_1_71' title='bbox 1367 1285 1661 1347; x_wconf 91' lang='lat' dir='ltr'>perpetuus</span> <span class='ocrx_word' id='word_1_72' title='bbox 1702 1285 1802 1342; x_wconf 87' lang='lat' dir='ltr'>est,</span> <span class='ocrx_word' id='word_1_73' title='bbox 1829 1277 1919 1347; x_wconf 90' lang='lat' dir='ltr'>qui</span> <span class='ocrx_word' id='word_1_74' title='bbox 1958 1279 2105 1330; x_wconf 91' lang='lat' dir='ltr'>nulla</span> <span class='ocrx_word' id='word_1_75' title='bbox 2147 1279 2354 1332; x_wconf 89' lang='lat' dir='ltr'>ratione</span> 
     </span>
     <span class='ocr_line' id='line_1_11' title="bbox 364 1363 2354 1433; baseline -0.001 -17"><span class='ocrx_word' id='word_1_76' title='bbox 364 1372 577 1433; x_wconf 89' lang='lat' dir='ltr'>septum</span> <span class='ocrx_word' id='word_1_77' title='bbox 611 1363 894 1433; x_wconf 86' lang='lat' dir='ltr'>egreditur,</span> <span class='ocrx_word' id='word_1_78' title='bbox 921 1363 1068 1414; x_wconf 90' lang='lat' dir='ltr'>nulla</span> <span class='ocrx_word' id='word_1_79' title='bbox 1092 1370 1256 1432; x_wconf 89' lang='lat' dir='ltr'>prout</span> <span class='ocrx_word' id='word_1_80' title='bbox 1280 1363 1504 1432; x_wconf 88' lang='lat' dir='ltr'>alicujus</span> <span class='ocrx_word' id='word_1_81' title='bbox 1529 1363 1812 1415; x_wconf 87' lang='lat' dir='ltr'>vocatione</span> <span class='ocrx_word' id='word_1_82' title='bbox 1839 1364 2155 1432; x_wconf 85' lang='lat' dir='ltr'>praemoveri</span> <span class='ocrx_word' id='word_1_83' title='bbox 2193 1364 2354 1429; x_wconf 84' lang='lat' dir='ltr'>votiS,</span> 
     </span>
     <span class='ocr_line' id='line_1_12' title="bbox 365 1447 2355 1518; baseline 0.001 -17"><span class='ocrx_word' id='word_1_84' title='bbox 365 1448 615 1502; x_wconf 88' lang='lat' dir='ltr'>omnibus</span> <span class='ocrx_word' id='word_1_85' title='bbox 641 1468 671 1499; x_wconf 91' lang='lat' dir='ltr'>a</span> <span class='ocrx_word' id='word_1_86' title='bbox 699 1448 928 1500; x_wconf 89' lang='lat' dir='ltr'>subditis</span> <span class='ocrx_word' id='word_1_87' title='bbox 956 1447 1192 1511; x_wconf 88' lang='lat' dir='ltr'>timetur,</span> <span class='ocrx_word' id='word_1_88' title='bbox 1219 1454 1274 1498; x_wconf 92' lang='lat' dir='ltr'>et</span> <span class='ocrx_word' id='word_1_89' title='bbox 1301 1464 1419 1515; x_wconf 87' lang='lat' dir='ltr'>quae</span> <span class='ocrx_word' id='word_1_90' title='bbox 1453 1464 1565 1499; x_wconf 93' lang='lat' dir='ltr'>non</span> <span class='ocrx_word' id='word_1_91' title='bbox 1590 1447 1727 1499; x_wconf 90' lang='lat' dir='ltr'>vidit</span> <span class='ocrx_word' id='word_1_92' title='bbox 1752 1455 1845 1499; x_wconf 88' lang='lat' dir='ltr'>aut</span> <span class='ocrx_word' id='word_1_93' title='bbox 1870 1448 2075 1501; x_wconf 88' lang='lat' dir='ltr'>videbit</span> <span class='ocrx_word' id='word_1_94' title='bbox 2099 1467 2198 1518; x_wconf 93' lang='lat' dir='ltr'>pro</span> <span class='ocrx_word' id='word_1_95' title='bbox 2223 1457 2355 1502; x_wconf 88' lang='lat' dir='ltr'>voto</span> 
     </span>
     <span class='ocr_line' id='line_1_13' title="bbox 362 1530 2355 1600; baseline -0.001 -15"><span class='ocrx_word' id='word_1_96' title='bbox 362 1534 683 1586; x_wconf 85' lang='lat' dir='ltr'>moderatur.</span> <span class='ocrx_word' id='word_1_97' title='bbox 761 1532 952 1585; x_wconf 86' lang='lat' dir='ltr'>Clerici</span> <span class='ocrx_word' id='word_1_98' title='bbox 991 1549 1202 1600; x_wconf 89' lang='lat' dir='ltr'>semper</span> <span class='ocrx_word' id='word_1_99' title='bbox 1244 1530 1437 1583; x_wconf 89' lang='lat' dir='ltr'>inclusi</span> <span class='ocrx_word' id='word_1_100' title='bbox 1466 1539 1610 1595; x_wconf 88' lang='lat' dir='ltr'>sunt,</span> <span class='ocrx_word' id='word_1_101' title='bbox 1645 1550 1768 1584; x_wconf 91' lang='lat' dir='ltr'>cum</span> <span class='ocrx_word' id='word_1_102' title='bbox 1795 1532 1971 1584; x_wconf 88' lang='lat' dir='ltr'>Maria</span> <span class='ocrx_word' id='word_1_103' title='bbox 2004 1533 2355 1597; x_wconf 82' lang='lat' dir='ltr'>delectentur,</span> 
     </span>
     <span class='ocr_line' id='line_1_14' title="bbox 364 1616 2357 1687; baseline -0.001 -18"><span class='ocrx_word' id='word_1_104' title='bbox 364 1619 486 1687; x_wconf 90' lang='lat' dir='ltr'>quia</span> <span class='ocrx_word' id='word_1_105' title='bbox 526 1636 637 1669; x_wconf 93' lang='lat' dir='ltr'>non</span> <span class='ocrx_word' id='word_1_106' title='bbox 681 1618 837 1669; x_wconf 89' lang='lat' dir='ltr'>datur</span> <span class='ocrx_word' id='word_1_107' title='bbox 879 1616 1056 1686; x_wconf 87' lang='lat' dir='ltr'>egredi</span> <span class='ocrx_word' id='word_1_108' title='bbox 1076 1637 1091 1681; x_wconf 92' lang='lat'>;</span> <span class='ocrx_word' id='word_1_109' title='bbox 1133 1616 1254 1668; x_wconf 90' lang='lat' dir='ltr'>laici</span> <span class='ocrx_word' id='word_1_110' title='bbox 1289 1617 1620 1686; x_wconf 90' lang='lat' dir='ltr'>respondent</span> <span class='ocrx_word' id='word_1_111' title='bbox 1644 1617 1984 1687; x_wconf 84' lang='lat' dir='ltr'>hospitibus3</span> <span class='ocrx_word' id='word_1_112' title='bbox 2023 1618 2203 1670; x_wconf 92' lang='lat' dir='ltr'>oblata</span> <span class='ocrx_word' id='word_1_113' title='bbox 2227 1635 2357 1681; x_wconf 93' lang='lat' dir='ltr'>non,</span> 
     </span>
     <span class='ocr_line' id='line_1_15' title="bbox 364 1701 2358 1772; baseline 0.001 -20"><span class='ocrx_word' id='word_1_114' title='bbox 364 1708 547 1753; x_wconf 85' lang='lat' dir='ltr'>exacta</span> <span class='ocrx_word' id='word_1_115' title='bbox 565 1701 881 1771; x_wconf 88' lang='lat' dir='ltr'>suscipiunt,</span> <span class='ocrx_word' id='word_1_116' title='bbox 902 1710 956 1754; x_wconf 91' lang='lat' dir='ltr'>et</span> <span class='ocrx_word' id='word_1_117' title='bbox 974 1709 1246 1771; x_wconf 86' lang='lat' dir='ltr'>gratanter</span> <span class='ocrx_word' id='word_1_118' title='bbox 1265 1710 1502 1771; x_wconf 88' lang='lat' dir='ltr'>erogant,</span> <span class='ocrx_word' id='word_1_119' title='bbox 1523 1701 1697 1754; x_wconf 89' lang='lat' dir='ltr'>officia</span> <span class='ocrx_word' id='word_1_120' title='bbox 1712 1703 1906 1755; x_wconf 92' lang='lat' dir='ltr'>domus</span> <span class='ocrx_word' id='word_1_121' title='bbox 1933 1710 1987 1755; x_wconf 91' lang='lat' dir='ltr'>et</span> <span class='ocrx_word' id='word_1_122' title='bbox 2004 1702 2219 1772; x_wconf 85' lang='lat' dir='ltr'>negotia</span> <span class='ocrx_word' id='word_1_123' title='bbox 2234 1719 2358 1771; x_wconf 90' lang='lat' dir='ltr'>pro-</span> 
     </span>
     <span class='ocr_line' id='line_1_16' title="bbox 368 1786 2360 1856; baseline 0.001 -20"><span class='ocrx_word' id='word_1_124' title='bbox 368 1794 585 1849; x_wconf 73' lang='lat' dir='ltr'>curant,</span> <span class='ocrx_word' id='word_1_125' title='bbox 625 1793 679 1837; x_wconf 91' lang='lat' dir='ltr'>et</span> <span class='ocrx_word' id='word_1_126' title='bbox 717 1804 839 1837; x_wconf 91' lang='lat' dir='ltr'>cum</span> <span class='ocrx_word' id='word_1_127' title='bbox 882 1786 939 1837; x_wconf 92' lang='lat' dir='ltr'>in</span> <span class='ocrx_word' id='word_1_128' title='bbox 982 1786 1235 1838; x_wconf 91' lang='lat' dir='ltr'>omnibus</span> <span class='ocrx_word' id='word_1_129' title='bbox 1275 1786 1561 1838; x_wconf 91' lang='lat' dir='ltr'>videantur</span> <span class='ocrx_word' id='word_1_130' title='bbox 1601 1786 1823 1850; x_wconf 90' lang='lat' dir='ltr'>domini,</span> <span class='ocrx_word' id='word_1_131' title='bbox 1863 1787 2259 1856; x_wconf 86' lang='lat' dir='ltr'>dispensatores</span> <span class='ocrx_word' id='word_1_132' title='bbox 2304 1792 2360 1837; x_wconf 90' lang='lat' dir='ltr'>et</span> 
     </span>
     <span class='ocr_line' id='line_1_17' title="bbox 369 1869 2359 1939; baseline 0.001 -20"><span class='ocrx_word' id='word_1_133' title='bbox 369 1869 507 1919; x_wconf 88' lang='lat' dir='ltr'>servi</span> <span class='ocrx_word' id='word_1_134' title='bbox 526 1877 653 1920; x_wconf 88' lang='lat' dir='ltr'>sunt</span> <span class='ocrx_word' id='word_1_135' title='bbox 672 1869 1006 1935; x_wconf 89' lang='lat' dir='ltr'>interiorum,</span> <span class='ocrx_word' id='word_1_136' title='bbox 1028 1871 1281 1939; x_wconf 91' lang='lat' dir='ltr'>quoniam</span> <span class='ocrx_word' id='word_1_137' title='bbox 1298 1870 1374 1923; x_wconf 87' lang='lat' dir='ltr'>eis</span> <span class='ocrx_word' id='word_1_138' title='bbox 1401 1870 1781 1922; x_wconf 89' lang='lat' dir='ltr'>administrant</span> <span class='ocrx_word' id='word_1_139' title='bbox 1806 1871 2002 1936; x_wconf 90' lang='lat' dir='ltr'>omnia,</span> <span class='ocrx_word' id='word_1_140' title='bbox 2028 1879 2091 1923; x_wconf 94' lang='lat' dir='ltr'>ut</span> <span class='ocrx_word' id='word_1_141' title='bbox 2114 1871 2250 1922; x_wconf 90' lang='lat' dir='ltr'>nihil</span> <span class='ocrx_word' id='word_1_142' title='bbox 2266 1888 2359 1922; x_wconf 91' lang='lat' dir='ltr'>eos</span> 
     </span>
     <span class='ocr_line' id='line_1_18' title="bbox 368 1953 2360 2024; baseline 0.002 -21"><span class='ocrx_word' id='word_1_143' title='bbox 368 1970 583 2005; x_wconf 90' lang='lat' dir='ltr'>movere</span> <span class='ocrx_word' id='word_1_144' title='bbox 610 1953 783 2021; x_wconf 90' lang='lat' dir='ltr'>possit</span> <span class='ocrx_word' id='word_1_145' title='bbox 807 1953 1030 2022; x_wconf 89' lang='lat' dir='ltr'>alicujus</span> <span class='ocrx_word' id='word_1_146' title='bbox 1063 1955 1413 2024; x_wconf 85' lang='lat' dir='ltr'>indulgentiae</span> <span class='ocrx_word' id='word_1_147' title='bbox 1441 1955 1744 2006; x_wconf 91' lang='lat' dir='ltr'>sollicitudo</span> <span class='ocrx_word' id='word_1_148' title='bbox 1772 1963 1922 2007; x_wconf 84' lang='lat' dir='ltr'>extra</span> <span class='ocrx_word' id='word_1_149' title='bbox 1946 1956 2175 2024; x_wconf 86' lang='lat' dir='ltr'>primam</span> <span class='ocrx_word' id='word_1_150' title='bbox 2207 1955 2360 2007; x_wconf 90' lang='lat' dir='ltr'>inda-</span> 
     </span>
     <span class='ocr_line' id='line_1_19' title="bbox 371 2035 2361 2109; baseline 0.003 -23"><span class='ocrx_word' id='word_1_151' title='bbox 371 2035 565 2104; x_wconf 87' lang='lat' dir='ltr'>ginem.</span> <span class='ocrx_word' id='word_1_152' title='bbox 639 2037 791 2088; x_wconf 90' lang='lat' dir='ltr'>Nihil</span> <span class='ocrx_word' id='word_1_153' title='bbox 817 2039 990 2106; x_wconf 88' lang='lat' dir='ltr'>operis</span> <span class='ocrx_word' id='word_1_154' title='bbox 1031 2039 1249 2102; x_wconf 88' lang='lat' dir='ltr'>faciunt,</span> <span class='ocrx_word' id='word_1_155' title='bbox 1275 2040 1484 2090; x_wconf 89' lang='lat' dir='ltr'>nullum</span> <span class='ocrx_word' id='word_1_156' title='bbox 1525 2040 1826 2109; x_wconf 90' lang='lat' dir='ltr'>suscipiunt</span> <span class='ocrx_word' id='word_1_157' title='bbox 1863 2041 1930 2092; x_wconf 93' lang='lat' dir='ltr'>ad</span> <span class='ocrx_word' id='word_1_158' title='bbox 1971 2040 2361 2093; x_wconf 87' lang='lat' dir='ltr'>habitationem</span> 
     </span>
     <span class='ocr_line' id='line_1_20' title="bbox 370 2121 2363 2195; baseline 0.003 -24"><span class='ocrx_word' id='word_1_159' title='bbox 370 2121 567 2184; x_wconf 86' lang='lat' dir='ltr'>locum,</span> <span class='ocrx_word' id='word_1_160' title='bbox 604 2139 702 2173; x_wconf 89' lang='lat' dir='ltr'>nec</span> <span class='ocrx_word' id='word_1_161' title='bbox 734 2122 790 2173; x_wconf 93' lang='lat' dir='ltr'>in</span> <span class='ocrx_word' id='word_1_162' title='bbox 825 2123 998 2191; x_wconf 88' lang='lat' dir='ltr'>aliqua</span> <span class='ocrx_word' id='word_1_163' title='bbox 1022 2123 1360 2175; x_wconf 89' lang='lat' dir='ltr'>residentiam</span> <span class='ocrx_word' id='word_1_164' title='bbox 1397 2123 1599 2176; x_wconf 88' lang='lat' dir='ltr'>faciunt</span> <span class='ocrx_word' id='word_1_165' title='bbox 1634 2124 1902 2193; x_wconf 89' lang='lat' dir='ltr'>parochia,</span> <span class='ocrx_word' id='word_1_166' title='bbox 1928 2125 2042 2178; x_wconf 92' lang='lat' dir='ltr'>sine</span> <span class='ocrx_word' id='word_1_167' title='bbox 2066 2126 2226 2195; x_wconf 92' lang='lat' dir='ltr'>plena</span> <span class='ocrx_word' id='word_1_168' title='bbox 2250 2143 2363 2177; x_wconf 92' lang='lat' dir='ltr'>me-</span> 
     </span>
     <span class='ocr_line' id='line_1_21' title="bbox 371 2205 2363 2280; baseline 0.003 -24"><span class='ocrx_word' id='word_1_169' title='bbox 371 2205 680 2274; x_wconf 90' lang='lat' dir='ltr'>tropolitani</span> <span class='ocrx_word' id='word_1_170' title='bbox 717 2215 810 2259; x_wconf 91' lang='lat' dir='ltr'>aut</span> <span class='ocrx_word' id='word_1_171' title='bbox 833 2207 1188 2260; x_wconf 89' lang='lat' dir='ltr'>archidiaconi</span> <span class='ocrx_word' id='word_1_172' title='bbox 1213 2208 1443 2273; x_wconf 87' lang='lat' dir='ltr'>licentia,</span> <span class='ocrx_word' id='word_1_173' title='bbox 1469 2209 1679 2261; x_wconf 89' lang='lat' dir='ltr'>firmata</span> <span class='ocrx_word' id='word_1_174' title='bbox 1697 2210 1857 2262; x_wconf 91' lang='lat' dir='ltr'>etiam</span> <span class='ocrx_word' id='word_1_175' title='bbox 1883 2210 2031 2279; x_wconf 92' lang='lat' dir='ltr'>prius</span> <span class='ocrx_word' id='word_1_176' title='bbox 2058 2229 2182 2263; x_wconf 90' lang='lat' dir='ltr'>cum</span> <span class='ocrx_word' id='word_1_177' title='bbox 2207 2228 2363 2280; x_wconf 90' lang='lat' dir='ltr'>paro-</span> 
     </span>
     <span class='ocr_line' id='line_1_22' title="bbox 372 2289 2363 2363; baseline 0.003 -22"><span class='ocrx_word' id='word_1_178' title='bbox 372 2289 526 2341; x_wconf 90' lang='lat' dir='ltr'>chiali</span> <span class='ocrx_word' id='word_1_179' title='bbox 550 2290 862 2360; x_wconf 89' lang='lat' dir='ltr'>presbytero</span> <span class='ocrx_word' id='word_1_180' title='bbox 879 2292 1236 2361; x_wconf 72' lang='lat' dir='ltr'>,stipulatione</span> <span class='ocrx_word' id='word_1_181' title='bbox 1262 2293 1328 2345; x_wconf 92' lang='lat' dir='ltr'>de</span> <span class='ocrx_word' id='word_1_182' title='bbox 1357 2331 1580 2347; x_wconf 92' lang='grc'><strong>......</strong></span> <span class='ocrx_word' id='word_1_183' title='bbox 1607 2294 1785 2346; x_wconf 88' lang='lat' dir='ltr'>anima</span> <span class='ocrx_word' id='word_1_184' title='bbox 1809 2311 1908 2363; x_wconf 91' lang='lat' dir='ltr'>pro</span> <span class='ocrx_word' id='word_1_185' title='bbox 1940 2293 2160 2346; x_wconf 89' lang='lat' dir='ltr'>decimis</span> <span class='ocrx_word' id='word_1_186' title='bbox 2187 2301 2242 2346; x_wconf 92' lang='lat' dir='ltr'>et</span> <span class='ocrx_word' id='word_1_187' title='bbox 2266 2294 2363 2347; x_wconf 90' lang='lat' dir='ltr'>ob-</span> 
     </span>
     <span class='ocr_line' id='line_1_23' title="bbox 370 2373 2363 2450; baseline 0.004 -26"><span class='ocrx_word' id='word_1_188' title='bbox 370 2373 714 2425; x_wconf 89' lang='lat' dir='ltr'>ventionibus</span> <span class='ocrx_word' id='word_1_189' title='bbox 763 2375 866 2427; x_wconf 93' lang='lat' dir='ltr'>loci</span> <span class='ocrx_word' id='word_1_190' title='bbox 925 2377 1280 2446; x_wconf 89' lang='lat' dir='ltr'>suscipienda.</span> <span class='ocrx_word' id='word_1_191' title='bbox 1366 2378 1636 2431; x_wconf 89' lang='lat' dir='ltr'>Animalia</span> <span class='ocrx_word' id='word_1_192' title='bbox 1684 2397 1796 2431; x_wconf 91' lang='lat' dir='ltr'>non</span> <span class='ocrx_word' id='word_1_193' title='bbox 1854 2378 2073 2444; x_wconf 89' lang='lat' dir='ltr'>habent,</span> <span class='ocrx_word' id='word_1_194' title='bbox 2123 2378 2363 2450; x_wconf 86' lang='lat' dir='ltr'>exceptis</span> 
     </span>
     <span class='ocr_line' id='line_1_24' title="bbox 373 2457 2366 2534; baseline 0.005 -27"><span class='ocrx_word' id='word_1_195' title='bbox 373 2457 592 2526; x_wconf 84' lang='lat' dir='ltr'>apibus3</span> <span class='ocrx_word' id='word_1_196' title='bbox 630 2458 746 2510; x_wconf 91' lang='lat' dir='ltr'>illas</span> <span class='ocrx_word' id='word_1_197' title='bbox 773 2467 953 2512; x_wconf 89' lang='lat' dir='ltr'>autem</span> <span class='ocrx_word' id='word_1_198' title='bbox 979 2463 1245 2514; x_wconf 89' lang='lat' dir='ltr'>concessit</span> <span class='ocrx_word' id='word_1_199' title='bbox 1273 2462 1580 2532; x_wconf 83' lang='lat' dir='ltr'>Stephanus</span> <span class='ocrx_word' id='word_1_200' title='bbox 1607 2464 1731 2534; x_wconf 92' lang='lat' dir='ltr'>quia</span> <span class='ocrx_word' id='word_1_201' title='bbox 1758 2503 1771 2517; x_wconf 92' lang='lat'>.</span> <span class='ocrx_word' id='word_1_202' title='bbox 1801 2504 1813 2516; x_wconf 94' lang='lat'>.</span> <span class='ocrx_word' id='word_1_203' title='bbox 1842 2503 1855 2517; x_wconf 92' lang='lat'>.</span> <span class='ocrx_word' id='word_1_204' title='bbox 1885 2504 1898 2518; x_wconf 94' lang='lat'>.</span> <span class='ocrx_word' id='word_1_205' title='bbox 1924 2483 2036 2516; x_wconf 93' lang='lat' dir='ltr'>non</span> <span class='ocrx_word' id='word_1_206' title='bbox 2062 2472 2231 2518; x_wconf 90' lang='lat' dir='ltr'>artem</span> <span class='ocrx_word' id='word_1_207' title='bbox 2269 2483 2366 2534; x_wconf 92' lang='lat' dir='ltr'>pa-</span> 
     </span>
     <span class='ocr_line' id='line_1_25' title="bbox 372 2540 2368 2618; baseline 0.005 -27"><span class='ocrx_word' id='word_1_208' title='bbox 372 2540 499 2592; x_wconf 92' lang='lat' dir='ltr'>bula</span> <span class='ocrx_word' id='word_1_209' title='bbox 541 2550 595 2594; x_wconf 89' lang='lat' dir='ltr'>et</span> <span class='ocrx_word' id='word_1_210' title='bbox 637 2543 842 2595; x_wconf 89' lang='lat' dir='ltr'>fructus</span> <span class='ocrx_word' id='word_1_211' title='bbox 889 2563 1075 2598; x_wconf 90' lang='lat' dir='ltr'>eorum</span> <span class='ocrx_word' id='word_1_212' title='bbox 1112 2546 1273 2598; x_wconf 92' lang='lat' dir='ltr'>simul</span> <span class='ocrx_word' id='word_1_213' title='bbox 1300 2555 1355 2600; x_wconf 92' lang='lat' dir='ltr'>et</span> <span class='ocrx_word' id='word_1_214' title='bbox 1381 2549 1545 2600; x_wconf 91' lang='lat' dir='ltr'>semel</span> <span class='ocrx_word' id='word_1_215' title='bbox 1589 2548 1804 2618; x_wconf 90' lang='lat' dir='ltr'>publice</span> <span class='ocrx_word' id='word_1_216' title='bbox 1828 2548 2139 2618; x_wconf 91' lang='lat' dir='ltr'>percipitur.</span> <span class='ocrx_word' id='word_1_217' title='bbox 2213 2549 2368 2601; x_wconf 91' lang='lat' dir='ltr'>Nihil</span> 
     </span>
     <span class='ocr_line' id='line_1_26' title="bbox 376 2626 2367 2701; baseline 0.003 -23"><span class='ocrx_word' id='word_1_218' title='bbox 376 2645 440 2678; x_wconf 84' lang='lat' dir='ltr'>ex</span> <span class='ocrx_word' id='word_1_219' title='bbox 461 2626 536 2679; x_wconf 91' lang='lat' dir='ltr'>eis</span> <span class='ocrx_word' id='word_1_220' title='bbox 562 2628 779 2680; x_wconf 89' lang='lat' dir='ltr'>avaritia</span> <span class='ocrx_word' id='word_1_221' title='bbox 805 2629 1182 2699; x_wconf 87' lang='lat' dir='ltr'>singularitatis</span> <span class='ocrx_word' id='word_1_222' title='bbox 1208 2633 1418 2701; x_wconf 88' lang='lat' dir='ltr'>expecti</span> <span class='ocrx_word' id='word_1_223' title='bbox 1451 2651 1551 2685; x_wconf 92' lang='lat' dir='ltr'>nec</span> <span class='ocrx_word' id='word_1_224' title='bbox 1594 2633 1754 2685; x_wconf 90' lang='lat' dir='ltr'>decor</span> <span class='ocrx_word' id='word_1_225' title='bbox 1795 2632 1945 2684; x_wconf 91' lang='lat' dir='ltr'>alluit</span> <span class='ocrx_word' id='word_1_226' title='bbox 1981 2649 2367 2700; x_wconf 89' lang='lat' dir='ltr'>possessorem.</span> 
     </span>
     <span class='ocr_line' id='line_1_27' title="bbox 380 2709 2370 2786; baseline 0.004 -25"><span class='ocrx_word' id='word_1_227' title='bbox 380 2709 519 2762; x_wconf 91' lang='lat' dir='ltr'>Cum</span> <span class='ocrx_word' id='word_1_228' title='bbox 569 2712 818 2781; x_wconf 84' lang='lat' dir='ltr'>magister</span> <span class='ocrx_word' id='word_1_229' title='bbox 866 2723 1046 2768; x_wconf 92' lang='lat' dir='ltr'>autem</span> <span class='ocrx_word' id='word_1_230' title='bbox 1096 2734 1189 2768; x_wconf 91' lang='lat' dir='ltr'>eos</span> <span class='ocrx_word' id='word_1_231' title='bbox 1239 2718 1307 2768; x_wconf 91' lang='lat' dir='ltr'>ad</span> <span class='ocrx_word' id='word_1_232' title='bbox 1356 2718 1631 2786; x_wconf 87' lang='lat' dir='ltr'>negotium</span> <span class='ocrx_word' id='word_1_233' title='bbox 1672 2724 1877 2780; x_wconf 88' lang='lat' dir='ltr'>evocat,</span> <span class='ocrx_word' id='word_1_234' title='bbox 1919 2717 2026 2768; x_wconf 94' lang='lat' dir='ltr'>duo</span> <span class='ocrx_word' id='word_1_235' title='bbox 2065 2717 2226 2768; x_wconf 91' lang='lat' dir='ltr'>simul</span> <span class='ocrx_word' id='word_1_236' title='bbox 2277 2725 2370 2769; x_wconf 90' lang='lat' dir='ltr'>aut</span> 
     </span>
     <span class='ocr_line' id='line_1_28' title="bbox 377 2795 2369 2870; baseline 0.004 -25"><span class='ocrx_word' id='word_1_237' title='bbox 377 2795 556 2863; x_wconf 91' lang='lat' dir='ltr'>plures</span> <span class='ocrx_word' id='word_1_238' title='bbox 577 2805 791 2862; x_wconf 88' lang='lat' dir='ltr'>exeunt,</span> <span class='ocrx_word' id='word_1_239' title='bbox 812 2806 866 2850; x_wconf 92' lang='lat' dir='ltr'>et</span> <span class='ocrx_word' id='word_1_240' title='bbox 891 2798 947 2849; x_wconf 90' lang='lat' dir='ltr'>in</span> <span class='ocrx_word' id='word_1_241' title='bbox 967 2799 1043 2850; x_wconf 91' lang='lat' dir='ltr'>eis</span> <span class='ocrx_word' id='word_1_242' title='bbox 1064 2819 1223 2852; x_wconf 94' lang='lat' dir='ltr'>nemo</span> <span class='ocrx_word' id='word_1_243' title='bbox 1247 2801 1513 2869; x_wconf 87' lang='lat' dir='ltr'>solivagus</span> <span class='ocrx_word' id='word_1_244' title='bbox 1533 2801 1655 2870; x_wconf 91' lang='lat' dir='ltr'>quia</span> <span class='ocrx_word' id='word_1_245' title='bbox 1680 2820 1749 2853; x_wconf 92' lang='lat' dir='ltr'>ne</span> <span class='ocrx_word' id='word_1_246' title='bbox 1768 2801 1868 2853; x_wconf 87' lang='lat' dir='ltr'>soli</span> <span class='ocrx_word' id='word_1_247' title='bbox 1890 2801 1935 2852; x_wconf 92' lang='lat' dir='ltr'>si</span> <span class='ocrx_word' id='word_1_248' title='bbox 1955 2802 2243 2854; x_wconf 88' lang='lat' dir='ltr'>ceciderint</span> <span class='ocrx_word' id='word_1_249' title='bbox 2257 2820 2369 2854; x_wconf 94' lang='lat' dir='ltr'>non</span> 
     </span>
     <span class='ocr_line' id='line_1_29' title="bbox 380 2879 2371 2955; baseline 0.005 -26"><span class='ocrx_word' id='word_1_250' title='bbox 380 2879 580 2931; x_wconf 92' lang='lat' dir='ltr'>habent</span> <span class='ocrx_word' id='word_1_251' title='bbox 607 2880 991 2934; x_wconf 86' lang='lat' dir='ltr'>sublevantem.</span> <span class='ocrx_word' id='word_1_252' title='bbox 1069 2884 1237 2937; x_wconf 91' lang='lat' dir='ltr'>Omni</span> <span class='ocrx_word' id='word_1_253' title='bbox 1273 2886 1481 2955; x_wconf 89' lang='lat' dir='ltr'>petenti</span> <span class='ocrx_word' id='word_1_254' title='bbox 1506 2905 1724 2938; x_wconf 88' lang='lat' dir='ltr'>manum</span> <span class='ocrx_word' id='word_1_255' title='bbox 1750 2886 2031 2955; x_wconf 85' lang='lat' dir='ltr'>aperiunt3</span> <span class='ocrx_word' id='word_1_256' title='bbox 2070 2905 2191 2939; x_wconf 90' lang='lat' dir='ltr'>cum</span> <span class='ocrx_word' id='word_1_257' title='bbox 2218 2886 2371 2939; x_wconf 90' lang='lat' dir='ltr'>cibus</span> 
     </span>
     <span class='ocr_line' id='line_1_30' title="bbox 381 2967 2372 3041; baseline 0.006 -27"><span class='ocrx_word' id='word_1_258' title='bbox 381 2982 491 3015; x_wconf 91' lang='lat' dir='ltr'>non</span> <span class='ocrx_word' id='word_1_259' title='bbox 518 2973 778 3033; x_wconf 88' lang='lat' dir='ltr'>superest,</span> <span class='ocrx_word' id='word_1_260' title='bbox 803 2984 898 3036; x_wconf 92' lang='lat' dir='ltr'>per</span> <span class='ocrx_word' id='word_1_261' title='bbox 923 2967 1064 3020; x_wconf 93' lang='lat' dir='ltr'>diem</span> <span class='ocrx_word' id='word_1_262' title='bbox 1083 2987 1252 3021; x_wconf 91' lang='lat' dir='ltr'>unum</span> <span class='ocrx_word' id='word_1_263' title='bbox 1279 2971 1537 3036; x_wconf 89' lang='lat' dir='ltr'>esuriunt,</span> <span class='ocrx_word' id='word_1_264' title='bbox 1564 2979 1618 3023; x_wconf 91' lang='lat' dir='ltr'>et</span> <span class='ocrx_word' id='word_1_265' title='bbox 1642 2972 1690 3023; x_wconf 92' lang='lat' dir='ltr'>ei</span> <span class='ocrx_word' id='word_1_266' title='bbox 1717 2972 1904 3024; x_wconf 91' lang='lat' dir='ltr'>dicunt</span> <span class='ocrx_word' id='word_1_267' title='bbox 1929 2973 2081 3041; x_wconf 89' lang='lat' dir='ltr'>cujus</span> <span class='ocrx_word' id='word_1_268' title='bbox 2107 2979 2191 3024; x_wconf 92' lang='lat' dir='ltr'>est</span> <span class='ocrx_word' id='word_1_269' title='bbox 2209 2971 2372 3025; x_wconf 84' lang='lat' dir='ltr'>orbiS.</span> 
     </span>
     <span class='ocr_line' id='line_1_31' title="bbox 386 3048 2375 3124; baseline 0.004 -25"><span class='ocrx_word' id='word_1_270' title='bbox 386 3048 443 3100; x_wconf 86' lang='lat' dir='ltr'>Si</span> <span class='ocrx_word' id='word_1_271' title='bbox 480 3057 657 3101; x_wconf 90' lang='lat' dir='ltr'>autem</span> <span class='ocrx_word' id='word_1_272' title='bbox 696 3069 806 3102; x_wconf 89' lang='lat' dir='ltr'>non</span> <span class='ocrx_word' id='word_1_273' title='bbox 844 3070 936 3104; x_wconf 91' lang='lat' dir='ltr'>eos</span> <span class='ocrx_word' id='word_1_274' title='bbox 962 3053 1205 3119; x_wconf 90' lang='lat' dir='ltr'>audierit,</span> <span class='ocrx_word' id='word_1_275' title='bbox 1231 3055 1575 3124; x_wconf 87' lang='lat' dir='ltr'>egrediuntur</span> <span class='ocrx_word' id='word_1_276' title='bbox 1598 3056 1654 3107; x_wconf 95' lang='lat' dir='ltr'>in</span> <span class='ocrx_word' id='word_1_277' title='bbox 1681 3057 1913 3109; x_wconf 90' lang='lat' dir='ltr'>crastino</span> <span class='ocrx_word' id='word_1_278' title='bbox 1940 3058 2066 3122; x_wconf 88' lang='lat' dir='ltr'>duo,</span> <span class='ocrx_word' id='word_1_279' title='bbox 2091 3056 2375 3108; x_wconf 90' lang='lat' dir='ltr'>nunciant-</span> 
     </span>
     <span class='ocr_line' id='line_1_32' title="bbox 389 3134 2374 3212; baseline 0.005 -30"><span class='ocrx_word' id='word_1_280' title='bbox 389 3149 488 3199; x_wconf 88' lang='lat' dir='ltr'>que</span> <span class='ocrx_word' id='word_1_281' title='bbox 512 3134 751 3200; x_wconf 90' lang='lat' dir='ltr'>pontifici</span> <span class='ocrx_word' id='word_1_282' title='bbox 788 3136 1012 3188; x_wconf 89' lang='lat' dir='ltr'>fratrum</span> <span class='ocrx_word' id='word_1_283' title='bbox 1050 3139 1297 3192; x_wconf 89' lang='lat' dir='ltr'>esuriem.</span> <span class='ocrx_word' id='word_1_284' title='bbox 1374 3140 1432 3192; x_wconf 86' lang='lat' dir='ltr'>Si</span> <span class='ocrx_word' id='word_1_285' title='bbox 1474 3159 1601 3194; x_wconf 91' lang='lat' dir='ltr'>vero</span> <span class='ocrx_word' id='word_1_286' title='bbox 1645 3161 1746 3195; x_wconf 92' lang='lat' dir='ltr'>nec</span> <span class='ocrx_word' id='word_1_287' title='bbox 1788 3142 1894 3208; x_wconf 88' lang='lat' dir='ltr'>ille,</span> <span class='ocrx_word' id='word_1_288' title='bbox 1915 3143 2165 3212; x_wconf 85' lang='lat' dir='ltr'>jejunant</span> <span class='ocrx_word' id='word_1_289' title='bbox 2203 3142 2374 3193; x_wconf 90' lang='lat' dir='ltr'>donec</span> 
     </span>
     <span class='ocr_line' id='line_1_33' title="bbox 389 3217 2374 3291; baseline 0.006 -26"><span class='ocrx_word' id='word_1_290' title='bbox 389 3232 480 3266; x_wconf 92' lang='lat' dir='ltr'>eos</span> <span class='ocrx_word' id='word_1_291' title='bbox 518 3217 783 3270; x_wconf 91' lang='lat' dir='ltr'>Dominus</span> <span class='ocrx_word' id='word_1_292' title='bbox 827 3238 923 3289; x_wconf 92' lang='lat' dir='ltr'>per</span> <span class='ocrx_word' id='word_1_293' title='bbox 971 3221 1200 3291; x_wconf 89' lang='lat' dir='ltr'>aliquem</span> <span class='ocrx_word' id='word_1_294' title='bbox 1236 3224 1546 3278; x_wconf 89' lang='lat' dir='ltr'>visitaverit.</span> <span class='ocrx_word' id='word_1_295' title='bbox 1623 3227 2101 3279; x_wconf 87' lang='lat' dir='ltr'>Conservationem</span> <span class='ocrx_word' id='word_1_296' title='bbox 2149 3225 2374 3278; x_wconf 89' lang='lat' dir='ltr'>interius</span> 
     </span>
     <span class='ocr_line' id='line_1_34' title="bbox 393 3308 2375 3381; baseline 0.007 -34"><span class='ocrx_word' id='word_1_297' title='bbox 393 3315 634 3350; x_wconf 88' lang='lat' dir='ltr'>arcanam</span> <span class='ocrx_word' id='word_1_298' title='bbox 658 3308 859 3368; x_wconf 91' lang='lat' dir='ltr'>tenent,</span> <span class='ocrx_word' id='word_1_299' title='bbox 884 3314 1077 3373; x_wconf 84' lang='lat' dir='ltr'>praeter</span> <span class='ocrx_word' id='word_1_300' title='bbox 1101 3309 1412 3377; x_wconf 89' lang='lat' dir='ltr'>episcopum</span> <span class='ocrx_word' id='word_1_301' title='bbox 1452 3318 1508 3362; x_wconf 89' lang='lat' dir='ltr'>et</span> <span class='ocrx_word' id='word_1_302' title='bbox 1548 3330 1787 3364; x_wconf 92' lang='lat' dir='ltr'>summos</span> <span class='ocrx_word' id='word_1_303' title='bbox 1821 3312 2089 3381; x_wconf 91' lang='lat' dir='ltr'>principes</span> <span class='ocrx_word' id='word_1_304' title='bbox 2132 3328 2243 3362; x_wconf 93' lang='lat' dir='ltr'>non</span> <span class='ocrx_word' id='word_1_305' title='bbox 2283 3309 2375 3361; x_wconf 89' lang='lat' dir='ltr'>ad—</span> 
     </span>
     <span class='ocr_line' id='line_1_35' title="bbox 393 3382 2375 3465; baseline 0.007 -32"><span class='ocrx_word' id='word_1_306' title='bbox 393 3382 615 3435; x_wconf 90' lang='lat' dir='ltr'>mittunt</span> <span class='ocrx_word' id='word_1_307' title='bbox 658 3388 976 3456; x_wconf 90' lang='lat' dir='ltr'>quempiam.</span> <span class='ocrx_word' id='word_1_308' title='bbox 1053 3391 1149 3443; x_wconf 89' lang='lat' dir='ltr'>Hii</span> <span class='ocrx_word' id='word_1_309' title='bbox 1189 3401 1368 3445; x_wconf 90' lang='lat' dir='ltr'>autem</span> <span class='ocrx_word' id='word_1_310' title='bbox 1396 3394 1531 3447; x_wconf 91' lang='lat' dir='ltr'>nihil</span> <span class='ocrx_word' id='word_1_311' title='bbox 1566 3395 1692 3450; x_wconf 89' lang='lat' dir='ltr'>inde</span> <span class='ocrx_word' id='word_1_312' title='bbox 1718 3395 2011 3465; x_wconf 80' lang='lat' dir='ltr'>praedicant</span> <span class='ocrx_word' id='word_1_313' title='bbox 2038 3393 2375 3464; x_wconf 86' lang='lat' dir='ltr'>despicabile.</span> 
     </span>
    </p>
   </div>
  </div>
 </body>
</html>
