2638 3860
292 314 393 364 Cap.
416 314 506 363 νὴ]
972 316 1049 348 DE
1095 315 1276 350 nucis
1319 315 1695 350 CURIALIUM.
2177 301 2277 360 167

262 453 448 504 furtim
499 461 554 505 et
592 453 872 522 improvisi
918 454 1158 516 veniunt,
1206 464 1261 507 et
1311 456 1512 508 securis
1558 455 1847 508 imminent
1895 455 2281 510 formidabiles.

263 538 548 591 Excitatur
573 541 641 592 ad
667 541 926 592 clamores
952 541 1237 593 hominum
1264 550 1319 593 et
1356 542 1632 612 clangores
1665 542 1924 595 lituorum
1963 543 2282 608 monachu8‚

264 643 427 694 seque
468 645 591 678 cum
635 626 746 678 suis
798 625 1020 678 obvium
1064 628 1192 680 facit
1229 627 1497 680 hostibus.
1576 629 1953 682 Conseruntur
1991 638 2046 681 et
2082 629 2145 681 fit
2181 632 2281 681 im-

263 711 433 779 proba
483 712 808 782 congressio,
851 713 977 764 licet
1014 712 1221 783 impar3
1272 733 1398 765 nam
1439 714 1642 766 multos
1684 734 1750 767 ex
1797 714 1909 766 suis
1955 715 2023 766 ad
2061 715 2280 785 propria

263 797 543 850 remiserat
586 799 923 851 induciarum
963 817 1058 868 spe
1097 801 1413 865 monachus,
1441 800 1531 870 qui
1572 808 1721 853 stans
1758 802 1816 852 in
1854 801 2033 853 medio
2062 820 2282 854 suorum

266 884 488 936 inermis
521 885 634 954 jam
662 884 1029 936 vacillantium
1065 886 1281 956 fereque
1312 887 1618 939 cedentium
1646 888 1925 951 exclamat,
1953 888 2284 952 exhortatur,

265 969 512 1039 imperat,
530 971 879 1040 improperat,
889 971 1080 1040 arguit,
1099 972 1362 1038 obsecrat,
1375 991 1431 1024 se
1442 973 1773 1043 fugientibus
1791 973 1993 1043 objicit,
2005 973 2283 1026 omnibus-

265 1073 367 1122 que
394 1055 622 1124 peractis
640 1054 835 1123 quibus
857 1055 1047 1106 armati
1073 1065 1306 1125 possunt
1328 1056 1394 1107 ab
1420 1056 1614 1108 inermi
1633 1057 1851 1109 retineri
1877 1076 1976 1109 nec
2002 1076 2284 1127 prospera-

264 1142 352 1204 tis,
376 1159 494 1210 quae
513 1158 695 1191 secum
713 1140 907 1192 deferri
922 1150 1251 1210 praeceperat
1270 1142 1339 1193 ad
1361 1141 1663 1194 subsidium
1683 1161 1974 1213 casumque
1999 1144 2283 1196 fortuitum

264 1245 412 1278 arma
439 1226 651 1278 subitus
690 1226 756 1278 ab
791 1227 1053 1297 armigero
1079 1227 1238 1296 rapit,
1265 1235 1320 1279 et
1354 1228 1421 1279 ad
1459 1228 1649 1280 horam
1687 1228 2004 1282 inobediens
2045 1230 2145 1282 sub
2188 1249 2284 1300 spe

265 1313 610 1366 correctionis
636 1313 830 1377 induit,
862 1313 1168 1382 militesque
1196 1333 1324 1366 suos
1363 1333 1475 1366 non
1507 1315 1626 1384 jam
1661 1315 1856 1368 dubios
1897 1317 1991 1368 sed
2016 1316 2072 1368 in
2099 1317 2284 1369 certis-

267 1399 457 1451 simam
485 1399 701 1451 adactos
727 1399 908 1468 fugam
936 1399 1002 1450 ad
1029 1398 1231 1451 bellum
1258 1400 1472 1464 retinet,
1499 1401 1804 1471 multasque
1824 1421 2016 1454 manus
2042 1403 2283 1455 hostium

265 1504 373 1537 una
398 1485 639 1537 retundit
665 1486 901 1549 dextera,
928 1485 1177 1538 timorem
1206 1486 1459 1538 cordibus
1485 1486 1699 1552 incutit,
1719 1487 1953 1558 bellique
1973 1489 2286 1558 praevaricat

267 1580 539 1635 eventum,
566 1579 774 1623 mutata
800 1570 902 1623 sibi
927 1571 1167 1623 hostium
1189 1571 1243 1623 in
1271 1573 1508 1641 praedam
1537 1573 1775 1626 victoria.
1852 1575 2095 1644 Direptis
2121 1575 2285 1645 igitur

267 1657 452 1726 spoliis
480 1665 534 1708 et
559 1657 626 1708 ad
652 1664 842 1708 votum
870 1656 1075 1721 divisis,
1102 1657 1233 1708 dum
1259 1658 1326 1708 ad
1352 1658 1568 1728 propria
1594 1677 1717 1711 cum
1752 1660 2083 1712 exultatione
2107 1678 2285 1713 rever-

266 1744 416 1807 titur,
445 1743 572 1794 solis
599 1744 786 1795 ardore
813 1743 1110 1795 monachus
1138 1751 1193 1795 et
1219 1762 1315 1795 sua
1340 1744 1666 1813 pinguedine
1692 1764 2071 1815 armorumque
2111 1747 2283 1816 gravi-

267 1837 377 1881 tate
404 1829 765 1881 dissuetorum
791 1833 930 1898 pene
959 1829 1268 1893 suffocatur,
1290 1830 1504 1882 vineam
1524 1838 1674 1883 extra
1696 1833 1887 1884 seriem
1912 1833 2284 1885 itinerantium

266 1933 436 1985 puero
488 1915 776 1967 comitatus
826 1915 1144 1984 ingreditur,
1196 1915 1465 1985 armisque
1521 1917 1783 1986 depositis
1833 1937 2016 1969 auram
2072 1926 2285 1989 captare

270 2003 491 2071 satagit3
538 2010 593 2054 et
627 2020 749 2054 ecce
789 2021 855 2054 ex
892 2002 1145 2054 hostibus
1171 2003 1455 2056 insidiator
1488 2003 1683 2056 balista
1719 2004 2017 2074 ingreditur
2048 2025 2079 2057 a
2115 2014 2284 2076 tergO,

267 2089 623 2157 monachique
650 2097 838 2141 notata
858 2088 1106 2141 nuditate
1125 2089 1262 2141 clam
1283 2097 1339 2141 et
1363 2098 1588 2159 repente
1612 2090 1798 2143 lethali
1816 2092 2023 2161 spiculo
2051 2094 2287 2161 perforat

267 2176 641 2244 improvisum,
670 2175 913 2244 clamque
939 2175 1157 2227 recedit.
1235 2175 1414 2227 Sentit
1440 2177 1736 2228 monachus
1760 2186 1988 2229 mortem
2008 2178 2063 2229 in
2084 2179 2284 2247 januis,

269 2260 513 2312 confiteri
563 2260 730 2330 cupit,
780 2279 880 2312 nec
930 2260 1083 2311 adest
1126 2269 1320 2330 praeter
1363 2279 1590 2329 puerum
1632 2262 1717 2314 cui
1756 2263 1948 2331 possit.
2025 2264 2281 2333 Ineptum

270 2365 393 2398 eum
421 2347 487 2397 ad
513 2347 617 2398 hoc
643 2346 910 2416 intelligit,
929 2354 1167 2398 attamen
1197 2346 1320 2415 quia
1339 2365 1450 2398 non
1476 2354 1660 2416 potest
1685 2348 1832 2412 alias,
1853 2348 1958 2417 ipsi
1979 2349 2282 2415 confitetur,

270 2439 324 2484 et
350 2450 527 2484 coram
555 2451 618 2484 eo
645 2439 816 2484 totam
844 2432 1074 2484 effundit
1111 2431 1365 2495 animam,
1405 2441 1626 2501 oratque
1667 2433 2039 2502 poenitentiam
2088 2453 2279 2487 secun-

268 2519 398 2569 dum
425 2525 643 2587 peccata
669 2518 797 2569 dari.
864 2519 1003 2570 Puer
1024 2536 1080 2569 se
1106 2517 1241 2568 nihil
1268 2517 1372 2570 tale
1399 2518 1598 2577 vidisse
1630 2519 1717 2570 vel
1742 2518 1956 2571 audisse
1984 2538 2107 2572 cum
2128 2522 2278 2590 jura-

268 2613 454 2657 mento
482 2604 625 2656 dicit.
704 2604 1010 2656 Monachus
1049 2603 1218 2655 instat
1259 2604 1479 2667 orando,
1521 2604 1858 2673 pedibusque
1884 2605 2037 2674 pueri
2062 2607 2277 2675 provol-

269 2690 430 2754 vitur,
473 2698 528 2742 et
570 2690 947 2758 alicujusmodi
986 2708 1085 2758 pro
1129 2689 1364 2759 peccatis
1403 2689 1755 2742 inflictionem
1797 2689 1913 2741 fieri
1951 2690 2278 2743 omnimodis

272 2783 474 2839 exorat,
514 2793 744 2843 cumque
782 2793 891 2826 non
933 2774 1147 2843 proficit
1182 2783 1245 2825 ut
1285 2773 1351 2825 ab
1397 2774 1516 2843 ipso
1556 2782 1872 2843 extorqueat
1910 2775 2054 2844 quod
2092 2776 2280 2841 nescit,

271 2868 495 2929 urgente
522 2860 712 2911 mortis
739 2860 963 2912 articulo
991 2860 1151 2912 docet
1175 2878 1300 2912 eum
1328 2861 1531 2925 dicenS,
1573 2863 1608 2890 ‘⁶
1625 2860 1914 2912 Carissime
1940 2860 2033 2924 fili,
2059 2861 2279 2931 injunge

272 2945 405 2997 mihi
430 2953 493 2996 ut
520 2945 590 2996 sit
615 2945 792 2996 anima
818 2964 935 2998 mea
961 2946 1015 2996 in
1043 2946 1326 2998 tormentis
1362 2956 1416 2998 et
1456 2946 1512 2997 in
1545 2946 1677 2999 locis
1704 2946 1936 2998 cruciata
1978 2947 2280 3016 poenalibus

274 3031 388 3083 sine
414 3030 813 3083 intermissione
839 3049 1011 3100 usque
1037 3032 1104 3083 ad
1132 3031 1275 3083 diem
1302 3032 1511 3100 judicii,
1539 3032 1835 3084 dummodo
1862 3049 1958 3101 per
1982 3032 2280 3085 misericor-

274 3117 417 3168 diam
447 3115 651 3168 Christi
677 3123 807 3168 tunc
835 3116 979 3167 salva
1003 3116 1151 3167 fiat.''
1225 3116 1436 3167 Annuit
1472 3117 1575 3168 hoc
1610 3134 1758 3185 puer,
1795 3124 1850 3168 et
1882 3116 1938 3167 id
1982 3116 2031 3168 ei
2075 3117 2276 3170 eisdem

272 3202 450 3255 verbis
477 3201 688 3253 inflixit.
766 3202 1016 3253 Decessit
1042 3209 1221 3254 autem
1249 3203 1544 3254 monachus
1579 3201 1635 3254 in
1676 3202 1782 3254 fide
1811 3202 2031 3268 Christi,
2058 3210 2113 3256 et
2136 3202 2280 3256 bona

276 3308 371 3358 spe
397 3288 730 3357 ferventique
755 3286 1085 3356 poenitentiae
1113 3287 1243 3341 ze10.
