2638 3860
289 348 488 399 cap.vi.]
911 349 987 382 DE
1032 347 1214 383 NUols
1258 346 1631 381 cumALIUM.
2170 336 2265 383 161

263 498 492 542 mortem
534 508 655 541 curn
709 488 871 539 fuerit
907 487 1152 557 proxima
1187 485 1590 556 praenuntiabit.
1670 485 1954 538 Recedunt
1999 485 2178 550 simul,
2218 494 2274 538 et

262 593 357 644 per
382 592 729 645 quascunque
765 581 1050 625 transeunt
1088 572 1394 642 provincias
1438 572 1667 641 collegas
1711 571 1813 624 sibi
1856 571 2116 641 colligunt
2157 572 2272 624 sine

261 658 377 727 lege
394 659 736 729 vespiliones.
815 657 921 708 Die
939 657 1232 720 dormiunt,
1252 665 1412 709 nocte
1438 675 1584 721 ver0,
1607 657 1867 710 scelerum
1895 657 2082 723 amica,
2104 658 2274 710 furto—

262 764 382 796 rum
421 745 662 808 fautrice,
703 762 800 814 per
848 743 996 795 invia
1045 742 1233 794 furtim
1285 750 1483 807 errant,
1528 761 1627 795 nec
1676 743 1987 812 ignoranter
2038 743 2274 796 deviant.

263 832 392 883 Dux
420 832 563 884 enim
592 849 776 883 eorum
807 829 964 898 Olga,
986 847 1146 898 quem
1174 829 1320 880 nulla
1345 829 1477 881 latet
1504 829 1713 894 semita,
1732 849 1890 899 quem
1920 829 2101 894 etiam,
2123 839 2274 899 post-

264 923 423 986 qham
464 926 690 970 ventum
732 925 817 968 est
860 915 955 966 ubi
999 915 1421 984 delinquendum
1465 923 1579 967 erat
1621 915 1677 966 in
1719 915 1998 985 provincia
2038 915 2274 980 Belvaci,

264 1004 646 1068 consiliarium,
697 1003 1115 1072 exploratorem,
1162 1001 1460 1065 stimulum,
1513 1001 1887 1071 instigatorem
1939 1001 2272 1054 crudelitatis

264 1089 483 1154 habent,
510 1098 565 1142 et
591 1089 769 1142 omnis
808 1086 1111 1157 iniquitatis
1138 1105 1299 1156 quam
1329 1105 1575 1139 exercere
1603 1087 1781 1140 solent
1806 1088 2071 1140 exercitus
2099 1087 2190 1157 qui
2217 1106 2274 1140 se

262 1174 356 1225 tali
391 1173 611 1225 domino
657 1172 1009 1225 committunt
1052 1179 1117 1223 ut
1154 1171 1580 1224 committantur.
1659 1173 1818 1224 Fallit
1868 1181 2049 1225 autem
2090 1182 2277 1225 auctor

262 1259 482 1311 fallaciae
507 1260 800 1328 phalanges
843 1258 1103 1328 plurimas
1132 1258 1242 1310 suis
1270 1258 1521 1311 associari
1563 1259 1892 1312 domesticis,
1971 1259 2276 1329 Conjurant

263 1345 319 1396 in
347 1353 527 1414 patres
553 1345 667 1408 filii,
688 1346 917 1415 juvenes
943 1344 1000 1395 in
1028 1361 1202 1408 seneS,
1227 1344 1284 1395 in
1325 1344 1526 1396 amicos
1562 1343 1737 1409 amici,
1764 1351 1986 1414 totaque
2027 1343 2274 1396 libertate

268 1431 333 1483 de
360 1431 522 1499 plano
548 1430 658 1482 ruit
697 1430 754 1481 in
779 1428 1146 1481 innocentiam
1174 1428 1393 1481 malitia.
1471 1429 1634 1482 Plene
1663 1430 1986 1499 penitusque
2014 1430 2156 1482 cedit
2199 1430 2277 1482 eis

265 1518 318 1569 in
360 1518 599 1587 praedam
627 1517 920 1587 provincia.
999 1516 1174 1585 Supra
1211 1516 1435 1568 modurn
1474 1515 1754 1581 timentur,
1793 1517 1918 1586 quia
1958 1517 2073 1568 sine
2112 1516 2275 1568 modo

269 1604 514 1656 saeviunt.
612 1603 850 1667 Omnem
902 1601 1146 1654 omnium
1196 1620 1290 1654 eos
1341 1602 1533 1656 edocet
1584 1612 1784 1655 statum
1839 1603 1996 1672 Olga,
2024 1603 2277 1671 magister

267 1690 515 1742 Eudonis
542 1698 597 1742 et
623 1690 893 1742 dominuS.
975 1688 1098 1741 Hoc
1138 1688 1187 1740 ei
1227 1707 1427 1741 nomen
1470 1707 1628 1740 suum
1671 1690 1952 1742 confessus
1979 1696 2063 1742 est
2089 1690 2278 1741 doctor

267 1777 402 1846 ejuS,
430 1777 520 1844 qui
547 1794 669 1828 cum
697 1774 963 1827 mendacii
984 1774 1055 1826 sit
1080 1782 1288 1826 amator
1313 1782 1368 1826 et
1394 1782 1597 1839 auctor,
1624 1793 1686 1827 ea
1712 1775 1823 1826 suis
1850 1775 2077 1827 veritate
2101 1774 2276 1826 fidelis

267 1871 367 1926 est,
395 1880 500 1931 qua
526 1862 693 1930 magis
722 1881 881 1931 quam
910 1859 1189 1913 mendacio
1211 1878 1403 1913 nocere
1428 1868 1629 1930 potest.
1706 1861 1853 1914 Hinc
1881 1880 2071 1913 omnes
2091 1878 2278 1914 cavere

269 1948 447 2001 sciunt
470 1948 691 2000 insidias
713 1956 768 2000 et
785 1946 1111 2017 improvisos
1134 1946 1332 2016 ubique
1354 1947 1637 2016 surripere.
1698 1947 2041 2017 Quocunque
2060 1955 2276 2017 raptum

267 2034 580 2103 prosiliunt,
606 2052 755 2086 more
794 2033 1078 2086 formicino
1116 2040 1464 2086 revertuntur
1490 2034 1691 2086 onusti.
1767 2034 2091 2087 Vacuuntur
2116 2033 2280 2103 igitur

270 2138 302 2171 a
326 2119 459 2172 facie
485 2120 780 2171 furentium
808 2119 1026 2172 castella
1052 2137 1176 2171 cum
1202 2119 1364 2184 villis,
1391 2127 1447 2172 et
1472 2118 1539 2172 ab
1565 2119 1698 2189 ipsis
1730 2126 2077 2189 occupantur.

341 2205 468 2258 Jam
521 2224 617 2256 sua
668 2206 825 2274 plene
875 2204 1121 2273 possidet
1159 2211 1215 2255 et
1263 2211 1518 2272 potenter
1557 2205 1766 2257 invadit
1817 2205 2027 2268 aliena3
2079 2205 2282 2274 quique

270 2293 446 2343 fuerat
469 2291 695 2360 ignavus
724 2299 779 2343 et
812 2291 956 2342 iners
983 2290 1253 2359 frequenti
1299 2308 1554 2342 successu
1579 2290 1643 2342 fit
1669 2298 1883 2343 astutus
1910 2299 1966 2343 et
2004 2291 2197 2355 audax,
2227 2298 2282 2342 et

270 2378 326 2429 in
367 2378 516 2429 omni
558 2383 779 2447 sperans
820 2376 1131 2429 discrimine
1158 2375 1352 2427 similia
1378 2386 1712 2446 perpetrans,
1791 2377 1933 2428 Cum
1980 2384 2162 2428 autem
2204 2377 2280 2429 sic

269 2463 592 2516 victoriosus
621 2464 688 2514 ad
726 2471 933 2527 votum,
973 2462 1120 2513 nulla
1145 2461 1323 2530 placet
1365 2461 1414 2513 ei
1461 2461 1576 2514 sine
1623 2471 1797 2530 strage
1841 2462 2097 2528 victoria3
2137 2463 2279 2515 diem

272 2549 507 2618 perdidit
569 2568 674 2618 qua
723 2566 1010 2601 numerum
1063 2547 1220 2605 scivit
1269 2548 1623 2616 perditorum.
1700 2548 1874 2617 Super
1925 2566 2084 2601 omne
2135 2550 2281 2617 quod

271 2635 491 2703 expedit
537 2635 739 2687 deliciae
779 2634 882 2686 sibi
921 2641 1051 2685 sunt
1087 2633 1288 2703 praedae
1324 2634 1639 2691 clericorum
1678 2642 1733 2686 et
1775 2634 1975 2703 rapinae
2016 2635 2082 2687 de
2116 2635 2280 2704 patri-

273 2719 455 2771 monio
502 2719 723 2773 Christi.
799 2718 1258 2771 Animadvertunt
1297 2718 1460 2787 igitur
1506 2718 1801 2770 districtius
1842 2719 1896 2770 in
1938 2719 2118 2787 ipsum
2157 2719 2280 2772 Bel-

271 2809 514 2858 vacensis
542 2805 831 2874 episcopus
858 2805 1308 2874 metropolitanus
1348 2813 1402 2857 et
1442 2824 1687 2856 summus
1727 2805 1988 2874 pontifeX,
2015 2805 2278 2875 plenaque

271 2890 459 2960 populi
486 2890 808 2944 maledictio,
886 2891 992 2943 Sed
1020 2909 1160 2943 caeco
1186 2900 1401 2959 ponunt
1439 2891 1841 2955 offendiculum,
1870 2898 1924 2942 et
1949 2891 2278 2943 maledicunt

276 2977 438 3029 surdo
459 2997 474 3040 3
514 2975 915 3028 dissimulanter
931 2977 1075 3028 enim
1096 2984 1151 3028 et
1175 2976 1504 3044 indignando
1526 2977 1838 3046 permansit,
1866 2977 2049 3028 oculos
2074 2976 2279 3028 habens

271 3069 326 3114 et
351 3080 462 3114 non
487 3061 698 3125 videnS,
725 3079 879 3113 aures
917 3061 1123 3113 habens
1151 3069 1206 3113 et
1243 3080 1353 3113 non
1393 3062 1635 3114 audiens·
1714 3063 1895 3114 Placet
1920 3062 2083 3131 igitur
2106 3062 2274 3131 impio

276 3148 497 3200 domino
541 3165 727 3199 servus
774 3166 1023 3216 nequam,
1075 3166 1234 3216 quem
1288 3147 1545 3216 sanguine
1589 3148 1778 3217 replet,
1823 3149 2078 3200 cadavere
2123 3148 2276 3211 ditat,

277 3235 482 3287 saevitia
510 3234 626 3304 jugi
667 3234 919 3298 laetificat,
958 3233 1222 3285 indomita
1265 3234 1566 3302 complacat
1608 3234 1770 3298 rabie,
1811 3242 1866 3287 et
1907 3235 1974 3286 ad
2021 3235 2281 3287 scelerum

278 3339 499 3373 suorum
528 3320 827 3372 satiandam
856 3319 1086 3372 esuriem
1113 3325 1284 3371 castra
1314 3320 1424 3371 suis
1455 3320 1646 3389 implet
1671 3320 2041 3389 complicibus,
2120 3320 2283 3372 Malis

351 3424 539 3458 CAMD.
583 3424 705 3458 soe.
1956 3426 1994 3459 Y
