2638 3860
386 385 483 431 122
1079 386 1388 423 GUALTERI
1430 384 1630 419 MAPEs
2040 384 2240 434 [Distinc.
2264 382 2350 422 111.

386 536 616 597 salvare3
651 531 750 584 scit
774 529 933 582 etiam
958 526 1263 597 praesidium
1282 524 1483 576 viribus
1504 531 1560 576 et
1584 530 1696 575 arte
1717 523 2081 592 quaerendum,
2098 533 2153 576 et
2178 530 2363 576 contra

382 626 491 670 tam
515 615 761 669 instantis
795 630 999 665 morem
1024 610 1243 680 periculi
1277 627 1388 661 non
1413 609 1593 677 fugere
1620 607 1715 659 sed
1739 607 1920 676 fugare
1960 615 2129 678 parat,
2161 615 2217 660 et
2249 615 2360 660 tam

382 702 620 755 crebrum
647 697 863 750 exhibet
888 696 943 746 in
981 694 1152 747 hostis
1177 694 1387 747 vultum
1429 693 1660 745 dexterae
1687 710 1797 744 suae
1822 692 2055 761 gladium
2091 699 2154 744 ut
2193 692 2364 743 nulla-

378 793 533 837 tenus
582 782 782 850 absque
825 780 1044 832 vulnere
1093 778 1267 847 possit
1322 777 1463 828 inter
1503 784 1654 828 scuta
1691 775 1919 845 gigantis
1964 775 2107 828 exire
2150 794 2363 827 manus·

381 869 554 920 Instat
579 885 739 935 agens
767 865 903 918 serio
930 872 984 917 et
1007 864 1132 916 licet
1168 882 1279 916 non
1313 863 1597 915 adversum
1634 863 1849 913 hostem
1875 861 2018 930 cogit
2043 879 2162 913 esse
2193 869 2363 913 retro-

376 953 613 1022 gradum,
640 958 695 1003 et
733 969 892 1020 super
928 957 1159 1001 amatam
1195 967 1348 1001 suam
1387 948 1603 1000 tandem
1636 946 1965 1016 praecipitem
2004 947 2153 999 dedit
2188 946 2363 1016 ipsam

376 1037 600 1106 pedibus
651 1036 766 1105 ejus
811 1035 1212 1088 offendiculum.
1288 1034 1494 1086 Retulit
1537 1051 1661 1102 ergo
1704 1033 1897 1101 pedem
1941 1032 2098 1096 Galo,
2132 1050 2363 1101 cumque

376 1121 477 1172 sibi
497 1121 561 1172 de
581 1121 691 1172 vita
706 1121 909 1184 timeat,
930 1120 1289 1189 periculosum
1308 1119 1435 1170 facit
1455 1118 1754 1171 securitatis
1775 1118 2057 1188 judicium.
2135 1118 2364 1187 Surgere

375 1206 641 1275 gigantem
685 1205 859 1274 jubet,
910 1212 965 1257 et
1013 1223 1081 1258 ne
1125 1204 1313 1256 timeat
1353 1204 1616 1268 hortatur,
1661 1204 1855 1273 reginae
1913 1211 2175 1273 praestans
2218 1204 2363 1255 unde

378 1291 598 1344 Sadium
637 1291 820 1343 laudet
862 1298 916 1342 et
955 1291 1011 1341 in
1061 1290 1177 1359 ejus
1223 1297 1404 1358 surgat
1439 1290 1562 1341 laeta
1597 1290 1845 1342 convitia.
1925 1290 2092 1359 Gigas
2137 1308 2262 1358 ergo
2299 1289 2366 1342 de

375 1377 530 1430 venia
554 1378 810 1446 gaudenS,
837 1383 892 1428 et
915 1376 1124 1427 indulto
1150 1375 1372 1444 provide
1398 1375 1581 1427 fruens
1607 1374 1887 1440 beneficiO,
1912 1383 2062 1427 tutus
2102 1376 2159 1426 in
2183 1376 2364 1445 ipsum

374 1463 561 1514 insiliit
587 1470 641 1515 et
665 1461 902 1531 gladium
927 1469 1037 1513 tam
1063 1461 1189 1512 forti
1214 1461 1478 1513 descensu
1500 1460 1725 1513 Galonis
1744 1461 1933 1514 inserit
1952 1460 2193 1525 umboni,
2220 1461 2366 1530 quod

373 1547 536 1600 lorica
561 1547 772 1599 concisa
799 1546 1107 1598 summitate
1132 1545 1380 1615 pugionis
1409 1545 1560 1598 faciei
1588 1565 1699 1599 suae
1723 1565 1882 1616 grave
1907 1547 2103 1598 vulnus
2143 1546 2369 1615 impres-

377 1632 518 1684 serit.
593 1633 826 1683 Emanat
869 1629 994 1683 inde
1020 1648 1175 1683 cruor
1213 1638 1267 1682 et
1292 1648 1438 1682 arma
1466 1630 1691 1683 Galonis
1734 1631 1802 1682 ad
1840 1631 2005 1701 pedes
2039 1649 2210 1700 usque
2249 1649 2372 1700 per-

376 1717 583 1781 fundit3
644 1735 962 1785 quocunque
1001 1716 1204 1768 recedit
1252 1716 1340 1769 vel
1382 1716 1586 1768 accedit
1629 1716 1853 1785 vestigia
1901 1718 2060 1786 plena
2099 1717 2371 1786 relinquit,

381 1802 744 1871 spectaculum
764 1801 948 1853 amicis
970 1801 1235 1865 odiosum,
1257 1800 1556 1853 etinimicis
1582 1801 1821 1869 gloriam.
1864 1802 2021 1867 Galo,
2039 1821 2138 1854 nec
2156 1802 2372 1867 mirum,

380 1886 613 1956 gladium
638 1887 810 1950 timet,
836 1886 922 1938 cui
954 1886 1200 1955 pervium
1219 1886 1366 1938 videt
1399 1886 1651 1955 quicquid
1685 1887 1952 1956 objicitur,
1973 1888 2180 1939 deludit
2211 1887 2370 1952 ictus,

382 1971 620 2023 cedendo
665 1978 877 2023 scutum
903 1970 1184 2039 aliquando
1213 1989 1551 2039 summopere
1577 1989 1768 2024 curans
1794 1991 1862 2024 ne
1887 1973 2102 2025 firmum
2135 1973 2374 2025 inveniat

383 2056 588 2126 gladius
615 2056 951 2108 obstaculum
977 2056 1063 2108 cui
1087 2055 1261 2125 possit
1284 2057 1500 2108 haerere.
1577 2058 1694 2110 Rex
1712 2058 1897 2127 nepoti
1921 2059 2132 2123 metuit,
2170 2065 2374 2110 totum-

386 2159 487 2209 que
512 2141 660 2209 cupit
683 2159 780 2209 pro
809 2141 978 2193 salute
1005 2159 1100 2191 sua
1124 2158 1349 2209 regnum
1384 2140 1694 2210 inpendere.
1770 2143 1974 2212 Regina
1998 2161 2220 2194 manum
2245 2143 2373 2195 loris

386 2226 574 2294 injicit,
615 2225 758 2277 Sadii
793 2233 950 2278 vocat
993 2225 1264 2290 satelliteS,
1309 2225 1579 2295 captivum
1629 2226 1823 2280 abduci
1871 2228 2134 2297 praecipit,
2165 2236 2220 2281 et
2263 2248 2375 2282 non

389 2319 631 2363 assecuta
656 2311 800 2380 quod
828 2310 986 2380 jubet
1011 2331 1040 2363 a
1066 2311 1203 2363 circo
1229 2312 1446 2375 recedit,
1472 2331 1667 2382 anceps
1707 2333 1775 2365 an
1808 2315 1873 2366 de
1902 2314 2112 2367 Galone
2150 2316 2374 2368 confuso

388 2397 617 2465 gaudeat
653 2414 720 2447 an
756 2397 934 2449 doleat
973 2398 1038 2449 de
1078 2405 1249 2449 morte
1291 2397 1452 2450 Sadii.
1545 2398 1683 2451 Galo
1727 2400 1916 2452 videns
1954 2401 2166 2454 hostem
2218 2402 2377 2454 solito

389 2482 700 2533 ferociorem
727 2488 782 2533 et
805 2481 1152 2534 irreverenter
1175 2483 1230 2534 in
1268 2500 1323 2534 se
1358 2483 1686 2553 praecipitem
1713 2504 2037 2556 manumque
2079 2506 2230 2539 suam
2257 2495 2378 2540 tuto

393 2585 585 2618 caecam
611 2584 803 2630 errore,
829 2585 993 2618 manu
1017 2567 1307 2635 prudenter
1332 2576 1387 2620 et
1422 2577 1596 2621 astute
1632 2571 1792 2622 struit
1836 2571 2076 2637 insidiaS,
2116 2581 2171 2624 et
2202 2573 2378 2642 ipsam

393 2650 532 2702 inter
551 2652 814 2721 agendum
834 2651 944 2703 ictu
968 2652 1192 2721 praepeti
1209 2661 1507 2722 surreptam
1533 2656 1848 2724 amputavit,
1863 2657 2203 2727 gladiumque
2223 2660 2381 2711 velox

396 2736 597 2804 arripit,
613 2736 889 2806 proprium
909 2736 1160 2790 inlocum
1177 2756 1334 2789 suum
1352 2738 1522 2807 ponit,
1540 2758 1736 2809 equum
1753 2743 2008 2795 ascendit.
2058 2744 2380 2814 Triumpha-

396 2826 482 2870 tor
506 2837 630 2891 ergo
655 2819 856 2872 victum
874 2820 1143 2889 gigantem
1162 2839 1257 2890 per
1280 2823 1542 2875 nasellum
1566 2825 1728 2893 galeae
1753 2827 1863 2896 regi
1883 2828 1982 2879 sub
2009 2830 2226 2882 nomine
2242 2849 2381 2900 prae-

399 2913 576 2956 sentat
601 2905 764 2970 Sadii,
780 2924 978 2957 munus
1003 2906 1385 2975 gratissimum,
1411 2910 1685 2979 multaque
1709 2913 1996 2980 gratiarum
2023 2915 2231 2968 actione
2258 2935 2383 2986 pro-

402 2998 644 3042 secutum
666 2990 1014 3043 circumstant
1030 3010 1217 3044 omnes
1243 2993 1518 3058 victorem,
1544 2996 1739 3049 vulnus
1766 3006 1956 3067 optant
1988 3001 2168 3054 videre
2211 3003 2381 3055 faciei.

404 3075 524 3126 Rex
549 3076 716 3144 magis
740 3075 1026 3145 impatiens
1052 3095 1217 3130 morae
1245 3097 1461 3130 manum
1489 3083 1712 3150 apponit
1737 3093 2006 3138 exarmare
2033 3094 2210 3156 caput,
2237 3088 2383 3157 quod

403 3159 616 3226 quidem
641 3161 756 3229 ipse
781 3161 1031 3230 prohibet
1064 3161 1196 3226 fieri,
1225 3161 1550 3233 Sadiumque
1585 3184 1766 3218 secum
1804 3176 1860 3220 et
1893 3170 2126 3239 puellam
2162 3171 2384 3225 abducit

401 3252 463 3294 ut
489 3261 728 3297 seorsum
752 3245 810 3297 in
838 3254 1041 3300 secreto
1066 3246 1161 3298 fiat
1185 3265 1452 3299 armorum
1469 3252 1833 3306 commutatiO.
1912 3255 2050 3307 Galo
2067 3274 2189 3308 cum
2209 3257 2386 3326 puella

402 3328 547 3379 domi
571 3330 784 3395 residet,
812 3330 1003 3384 Sadius
1033 3332 1099 3384 ab
1127 3332 1377 3385 omnibus
1398 3344 1708 3404 expectatus
1734 3339 1931 3391 curiam
1955 3341 2107 3409 petit.
2184 3343 2385 3413 Requi-
