2638 3860
339 303 438 356 Cap.
461 303 544 343 xix.
565 303 654 354 xx.]
942 304 1020 339 DE
1061 304 1247 341 Nuffls
1289 304 1664 341 cumALIUM.
2253 288 2318 338 31

310 429 565 495 derisum,
591 436 655 480 ut
682 428 860 481 solent
884 429 938 481 in
969 430 1164 483 delicto
1190 438 1462 501 potentes,
1488 430 1606 500 ipse
1628 428 1949 483 causabatur
1974 427 2239 494 obsidem,
2266 435 2322 481 et

309 514 447 567 circa
457 532 736 583 vesperam
747 514 852 566 diei
869 522 924 566 et
940 516 1055 585 spei
1083 508 1308 585 suscipit
1323 516 1376 567 in
1384 516 1646 586 spiratum
1662 515 1920 584 peditem,
1930 521 1994 565 ut
2012 515 2322 583 profugum,

308 600 585 669 multaque
604 600 948 652 festinatione
975 602 1243 653 defectum
1265 621 1279 666 3
1318 600 1413 653 vix
1439 599 1694 668 loquitur,
1721 607 1776 652 et
1803 599 1942 652 sicut
1965 599 2205 668 loquitur
2228 617 2323 652 ve-

308 683 561 753 niamque
589 692 776 736 exorat
800 686 945 754 quod
971 686 1077 756 ipsi
1095 693 1223 739 vota
1251 685 1538 749 distulerit,
1573 684 1836 736 mirantur
1862 703 2052 737 omnes
2079 692 2134 737 et
2159 685 2321 736 mise-

309 779 512 836 rentur,
541 779 596 823 et
619 772 736 840 ipse
762 790 856 824 rex
877 773 984 825 fide
1011 772 1155 825 bona
1180 772 1379 842 captivi
1397 771 1480 824 sui
1498 771 1742 841 placatus
1758 788 1856 841 per
1874 771 2099 841 gratiam
2118 771 2324 827 Christi

305 855 536 909 liberum
564 856 785 909 dimisit.

950 940 1220 999 Quiddam
1244 943 1502 996 mirabile.
1577 941 1687 994 xix,

382 1055 537 1107 Circa
562 1062 778 1124 tempus
803 1053 966 1119 idem,
1012 1053 1236 1106 clericus
1281 1053 1500 1123 quidam
1542 1073 1573 1106 a
1618 1053 1922 1107 Sarracenis
1967 1054 2323 1123 sagittabatur

306 1147 370 1191 ut
395 1147 629 1209 negaret.
712 1138 951 1192 Quidam
980 1145 1162 1190 autem
1189 1137 1281 1207 qui
1305 1146 1593 1208 negaverat
1637 1146 1820 1191 astans
1845 1138 2229 1208 inproperabat
2271 1140 2322 1193 ei

307 1225 452 1293 quod
478 1224 642 1276 stulte
669 1223 926 1287 crederet,
954 1230 1008 1275 et
1033 1223 1102 1275 ad
1128 1223 1369 1292 singulos
1395 1224 1535 1276 ictus
1563 1223 1757 1289 aiebat,
1791 1226 1826 1252 “
1843 1224 2017 1276 Estne
2035 1224 2243 1277 bonum
2263 1227 2321 1279 ?''

306 1307 406 1360 Ille
431 1308 567 1360 nihil
591 1316 796 1362 contra.
874 1309 1122 1379 Cumque
1141 1309 1351 1362 videret
1371 1310 1487 1379 ejus
1510 1309 1890 1373 constantiam,
1906 1327 2016 1361 uno
2036 1309 2139 1362 sibi
2159 1319 2322 1381 caput

305 1395 606 1464 amputavit
628 1396 758 1460 ictu,
785 1395 988 1461 dicenS,
1026 1399 1061 1426 “
1078 1397 1254 1448 Estne
1278 1396 1486 1447 bonum
1505 1395 1564 1447 ?''
1643 1395 1824 1464 Caput
1849 1402 2030 1447 autem
2049 1404 2320 1449 resectum

305 1498 430 1531 cum
455 1481 674 1550 proprio
701 1499 792 1533 ore
816 1481 1045 1551 loquens
1071 1481 1273 1546 intulit,
1301 1484 1338 1511 “
1358 1482 1523 1534 Nunc
1542 1481 1750 1533 bonum
1777 1481 1914 1534 est.''
1992 1482 2128 1534 Haec
2154 1490 2210 1535 et
2233 1483 2319 1536 his

306 1564 499 1617 similia
524 1565 755 1634 primitis
783 1566 1127 1635 contigerunt
1170 1566 1544 1636 templaribus,
1587 1566 1718 1618 dum
1759 1566 1989 1619 Domini
2029 1568 2219 1619 caritas
2264 1574 2321 1619 et

304 1651 496 1703 mundi
519 1651 697 1705 vilitas
722 1651 913 1702 inerat.
989 1651 1071 1703 Ut
1095 1658 1276 1703 autem
1302 1651 1493 1704 caritas
1513 1651 1686 1716 viluit,
1709 1657 1763 1703 et
1777 1651 2006 1704 invaluit
2024 1652 2318 1722 opulentia,

302 1754 522 1805 prorsus
548 1737 676 1788 alias
714 1736 1019 1789 audivimus
1065 1755 1196 1806 quas
1223 1744 1279 1789 et
1313 1737 1661 1806 subjiciemus
1696 1737 1904 1790 fabulas
1921 1758 1937 1803 3
1979 1746 2035 1791 at
2075 1747 2131 1791 et
2165 1738 2316 1809 prius

303 1839 490 1874 eorum
514 1821 719 1892 primos
745 1841 776 1875 a
799 1829 1118 1894 paupertate
1155 1830 1337 1875 motus
1363 1822 1666 1875 audiantur.
2303 1815 2314 1818 ⁷

943 1978 1081 2030 Item
1107 1978 1258 2030 aliud
1279 1978 1535 2030 mirabile.
1609 1995 1699 2030 xx·

376 2069 540 2121 Miles
603 2069 839 2139 quidam,
896 2070 1218 2123 Hamericus
1268 2069 1508 2134 nomine,
1558 2068 1741 2138 magni
1772 2067 2104 2138 patrimonii,
2158 2070 2315 2125 famae

302 2154 546 2219 modicae,
571 2155 793 2224 petebat
818 2155 1131 2207 exercitium
1156 2154 1403 2220 militare,
1451 2154 1599 2224 quod
1641 2154 2066 2208 torniamentum
2111 2156 2314 2210 dicunt.

306 2238 554 2308 Cumque
579 2257 676 2308 per
700 2257 892 2291 nemus
913 2240 1080 2291 altum
1106 2239 1209 2291 iter
1225 2247 1422 2308 ageret,
1439 2239 1645 2292 audivit
1661 2239 1729 2291 ad
1749 2239 1970 2291 missam
1991 2242 2313 2295 matutinam

303 2342 334 2375 a
358 2324 516 2393 longe
541 2325 745 2394 pulsari
769 2344 1104 2395 campanam,
1132 2324 1399 2393 sociisque
1444 2323 1884 2375 dissuadentibus
1929 2331 1985 2377 et
2027 2325 2210 2378 invitis
2252 2336 2317 2380 ut

302 2409 523 2462 missam
550 2411 759 2463 audiret
782 2410 1108 2481 properavit,
1147 2409 1420 2478 armigeris
1448 2417 1503 2462 et
1528 2409 1689 2461 armis
1715 2409 1913 2462 relictis
1938 2410 1996 2461 in
2035 2413 2311 2468 comitam.

305 2495 613 2548 Heremitas
656 2495 880 2548 invenit.
958 2495 1134 2546 Missa
1174 2493 1439 2546 celebrata
1477 2494 1650 2546 redire
1691 2494 1968 2547 festinavit
2007 2497 2075 2548 ad
2119 2498 2313 2564 sociOS,

303 2599 523 2650 sperans
550 2599 643 2633 eos
669 2581 724 2633 in
753 2582 990 2634 secundo
1017 2580 1104 2634 vel
1128 2580 1288 2632 tertio
1336 2579 1595 2649 consequi
1638 2579 1900 2645 miliario3
1942 2581 2036 2633 sed
2069 2589 2185 2635 tota
2225 2584 2312 2637 die

302 2667 489 2719 devius
516 2685 635 2720 sero
661 2685 908 2719 reversus
935 2674 1019 2719 est
1044 2667 1112 2718 ad
1135 2666 1318 2718 locum
1343 2667 1542 2719 missae.
1619 2665 1876 2718 Similiter
1902 2674 1957 2719 et
1981 2667 2036 2720 in
2058 2669 2312 2724 crastino,

301 2752 408 2804 Die
433 2753 591 2805 tertia
616 2753 916 2806 conductus
943 2753 1009 2805 ab
1035 2752 1298 2805 heremita
1324 2753 1499 2805 socios
1525 2752 1734 2804 invenit
1758 2753 2063 2819 redeunteS,
2100 2754 2311 2825 ipsique

301 2838 472 2889 multa
495 2838 683 2890 laetitia
708 2839 1159 2908 congratulantes,
1236 2838 1472 2890 Miratur
1510 2838 1669 2890 solito
1707 2838 1966 2908 majorem
2008 2838 2111 2891 sibi
2149 2859 2312 2894 vene-

300 2923 565 2974 rationem
591 2924 831 2976 exhiberi
846 2945 862 2989 ;
900 2924 1058 2976 timet
1081 2923 1327 2975 ironiam.
1404 2922 1743 2975 Familiarem
1770 2941 1895 2992 ergo
1923 2924 2129 2977 socium
2154 2934 2312 2980 vocat

300 3007 358 3059 in
384 3016 610 3077 partem,
638 3010 828 3079 quaerit
853 3010 1125 3078 quomodo
1152 3027 1308 3061 casus
1336 3009 1412 3061 eis
1456 3009 1515 3060 in
1552 3008 1914 3061 torniamento
1953 3011 2310 3080 responderit.

302 3093 499 3145 Intulit
522 3092 629 3158 ille,
656 3093 858 3145 “Bene
878 3093 1036 3145 nobis
1057 3101 1112 3145 et
1131 3112 1296 3145 manu
1314 3100 1427 3158 tua,
1456 3093 1552 3144 sed
1570 3093 1801 3145 inimicis
1827 3093 1984 3160 male,
2010 3096 2102 3165 qui
2127 3104 2309 3151 tamen

300 3179 462 3232 hodie
486 3179 688 3232 reversi
714 3186 843 3231 sunt
880 3179 948 3230 ad
973 3197 1074 3231 nos
1099 3186 1162 3230 ut
1198 3186 1252 3231 te
1291 3196 1392 3248 pro
1426 3186 1646 3231 tuorum
1688 3197 1913 3249 operum
1957 3182 2309 3237 admiratione

300 3264 563 3331 viderent,
590 3265 681 3318 sed
709 3272 772 3318 ut
807 3264 922 3318 heri
966 3264 1287 3318 recessimus
1333 3264 1400 3316 ad
1440 3263 1695 3334 hospitia,
1738 3283 1899 3319 nemo
1940 3265 2098 3320 nobis
2144 3268 2211 3322 de
2254 3277 2308 3322 te

413 3458 433 3478 Q·
