2638 3860
396 435 496 487 104
1101 448 1414 485 GUALTERI
1455 444 1655 484 MAPE‘s
2052 449 2254 500 [Distine.
2276 449 2338 489 ΙΙ.

387 584 566 629 autem
591 575 1046 639 Lundoniensem,
1073 573 1273 638 (1188118,
1312 576 1349 603 “
1363 573 1616 638 Domine,
1642 573 1710 624 ad
1734 579 1789 625 te
1814 572 2064 642 confugio
2091 574 2373 626 consilium

386 670 606 730 petens:
646 659 859 729 quidam
885 657 1158 710 maleficus
1185 656 1457 709 Walensis
1485 656 1717 709 decessit
1742 657 1871 708 satis
1896 675 2069 727 nuper
2087 658 2374 711 infideliter

384 746 440 796 in
465 745 589 797 villa
624 761 758 807 mea,
801 743 891 812 qui
935 742 1117 794 statim
1157 748 1284 811 post
1328 748 1558 811 quatuor
1599 748 1789 794 noctes
1831 741 2054 811 singulis
2097 744 2166 795 ad
2191 744 2373 797 villam

381 829 627 882 noctibus
651 828 930 898 repedanS,
973 845 1085 880 non
1122 833 1299 879 cessat
1341 844 1561 880 evocare
1606 826 1916 896 singillatim
1956 834 2012 879 et
2051 828 2373 880 nominatim

381 914 729 966 convicaneos
755 931 900 979 suOS,
945 912 1037 982 qui
1078 913 1259 964 statim
1285 912 1462 965 vocati
1498 912 1839 964 infirmantur
1879 919 1934 964 et
1969 912 2108 965 infra
2139 913 2373 966 triduam

380 999 697 1063 moriuntur,
739 1006 802 1050 ut
838 999 953 1068 jam
995 997 1155 1068 pauci
1199 997 1526 1067 supersint.''
1617 998 1924 1067 Episcopus
1969 998 2237 1050 admirans
2280 999 2373 1063 ait,

377 1088 414 1116 “
430 1086 759 1137 Potestatem
783 1083 1007 1136 forsitan
1033 1082 1182 1135 dedit
1206 1083 1478 1135 Dominus
1513 1084 1701 1153 angelo
1734 1083 1877 1135 illius
1902 1084 2100 1153 perditi
2125 1084 2285 1150 malo,
2311 1092 2373 1136 ut

375 1169 431 1221 in
458 1186 676 1237 corpore
699 1169 791 1220 illo
817 1175 1030 1220 mortuo
1058 1186 1114 1220 88
1135 1167 1383 1236 exagitet.
1421 1168 1679 1220 Attamen
1697 1167 1983 1220 effodiatur
2007 1186 2202 1238 corpus
2220 1168 2372 1234 illud,

375 1262 430 1308 et
455 1254 590 1306 collo
614 1254 784 1306 reciso
821 1253 1050 1306 fossorio
1088 1259 1472 1322 conspergatur
1512 1252 1693 1322 ipsum
1732 1259 1788 1305 et
1811 1253 1958 1304 fossa
2000 1272 2194 1323 magna
2234 1272 2373 1324 aqua

374 1339 671 1404 benedicta,
697 1345 752 1391 et
775 1338 1118 1409 reponatur.''
1194 1338 1442 1408 Cumque
1484 1338 1588 1391 hoc
1630 1338 1782 1390 fieret
1818 1337 2168 1390 nihilominus
2194 1356 2371 1392 errore

374 1425 601 1494 pristino
626 1424 832 1493 fatigati
855 1431 986 1476 sunt
1010 1423 1076 1475 ab
1102 1441 1166 1476 eo
1191 1423 1409 1476 residui.
1484 1423 1661 1476 Nocte
1680 1423 1842 1492 igitur
1862 1423 2091 1493 quadam
2111 1443 2234 1476 cum
2254 1425 2369 1494 jam

375 1527 576 1579 paucos
615 1508 919 1579 reliquisset
958 1507 1294 1577 superstiteS,
1336 1507 1516 1576 ipsum
1555 1508 1890 1561 Willelmum
1933 1509 2073 1561 trina
2115 1509 2368 1563 citatione

374 1594 604 1647 vocavit.
675 1595 751 1645 At
775 1594 880 1659 1118,
913 1602 975 1645 ut
1013 1600 1127 1645 erat
1166 1593 1441 1645 animosus
1467 1600 1522 1645 et
1549 1593 1791 1663 impiger,
1828 1612 1940 1646 non
1978 1595 2195 1664 ignarus
2239 1595 2370 1664 quid

374 1686 533 1743 esset,
582 1679 786 1730 nudato
829 1678 1040 1747 prosilit
1079 1696 1224 1743 ense,
1267 1678 1669 1749 fugientemque
1713 1679 2016 1732 daemonem
2059 1681 2128 1732 ad
2164 1681 2369 1733 fossam

372 1782 542 1833 usque
569 1771 802 1829 secutUS,
826 1764 903 1816 ibi
922 1764 1036 1833 jam
1054 1764 1112 1815 in
1137 1765 1283 1816 fossa
1307 1765 1636 1817 recidentem
1670 1766 1938 1835 percussit
1974 1766 2031 1817 in
2073 1775 2235 1836 caput
2260 1767 2369 1819 col-

370 1849 423 1901 lo
458 1857 634 1913 tenuS,
661 1849 994 1919 cessavitque
1034 1849 1100 1901 ab
1139 1849 1231 1900 illa
1268 1850 1400 1902 hora
1434 1851 1736 1919 persecutio
1779 1852 1949 1921 pestis
1976 1852 2230 1917 erraticae,
2268 1871 2368 1907 nec

371 1935 476 2003 ipsi
500 1934 773 1987 Willelmo
797 1951 898 1986 nec
924 1934 1080 1986 alicui
1105 1933 1331 1986 aliorum
1359 1935 1552 1988 exinde
1588 1936 1791 1990 nocuit.
1869 1937 2051 2007 Hujus
2077 1939 2154 1990 rei
2178 1957 2366 1992 verum

373 2027 615 2072 tenorem
641 2019 859 2085 scimus,
884 2038 1098 2072 causam
1121 2019 1408 2072 nescimuS.
1432 2021 1436 2025 ’

912 2261 1048 2312 Item
1073 2262 1224 2313 aliud
1231 2263 1556 2330 prodiyium.
1631 2263 1820 2317 xxviii.

443 2372 654 2426 Scimus
680 2372 841 2425 etiam
867 2375 1011 2443 quod
1036 2382 1278 2445 tempore
1299 2378 1495 2447 Rogeri
1514 2377 1910 2448 Wigorniensis
1930 2380 2223 2452 episcopi,*
2249 2382 2366 2452 qui-

372 2458 513 2523 dam,
539 2476 699 2527 quem
726 2458 913 2511 dicunt
937 2460 1223 2514 infideliter
1256 2463 1568 2530 decessisse,
1607 2483 1705 2534 per
1730 2483 1973 2519 mensem
2013 2475 2107 2520 aut
2145 2486 2210 2521 eo
2251 2487 2365 2520 am-

367 2543 509 2612 plius
526 2549 581 2595 et
598 2543 847 2596 noctibus
874 2551 928 2596 et
954 2545 1143 2598 diebus
1169 2547 1331 2599 etiam
1355 2549 1534 2618 palam
1553 2549 1609 2601 in
1630 2550 1801 2603 cilicio
1824 2570 1922 2604 suo
1944 2553 2170 2619 errabat,
2192 2555 2364 2607 donec

366 2627 544 2696 ipsum
568 2627 817 2681 universa
834 2630 1023 2699 populi
1046 2631 1210 2684 vicini
1228 2632 1389 2686 turba
1408 2634 1621 2687 obsedit
1638 2635 1696 2687 in
1715 2637 1976 2705 pomerio,
2035 2639 2362 2692 Manifestus

366 2719 545 2763 autem
571 2713 716 2782 quod
739 2713 843 2766 fuit
874 2714 950 2766 ibi
982 2733 1079 2784 per
1105 2717 1219 2769 dies
1243 2725 1307 2771 ut
1332 2718 1527 2771 dicitur
1551 2727 1679 2773 tres,
1756 2721 1968 2774 Scimus
2010 2723 2172 2776 etiam
2216 2726 2363 2794 quod

366 2795 509 2848 idem
526 2797 768 2867 Rogerus
779 2799 944 2868 jussit
959 2818 1172 2854 crucem
1194 2803 1488 2872 superponi
1507 2805 1666 2857 fossae
1685 2805 1828 2858 illius
1853 2807 2052 2873 miseri,
2076 2809 2363 2879 ipsumque

367 2881 581 2944 dimitti,
609 2883 700 2952 qui
725 2902 848 2936 cum
873 2885 1112 2938 venisset
1145 2888 1213 2939 ad
1237 2889 1440 2940 fossam
1476 2890 1679 2959 populo
1708 2900 1964 2961 sequente
1988 2893 2105 2946 visa
2128 2901 2191 2946 ut
2213 2895 2363 2949 vide-

363 2964 522 3018 batur
546 2985 701 3020 cruce
725 2968 930 3034 resiliit,
955 2971 1197 3040 fugitque
1222 2972 1368 3038 aliaS,
1396 2993 1632 3044 sanoque
1667 2977 1889 3030 consilio
1927 2997 2139 3032 crucem
2176 2980 2362 3034 abstu-

365 3050 557 3116 lerunt,
578 3059 632 3104 et
648 3053 737 3106 ille
752 3053 958 3121 incidit,
977 3062 1033 3109 et
1051 3074 1109 3109 se
1135 3065 1275 3111 terra
1297 3066 1425 3128 post
1447 3059 1628 3130 ipsum
1654 3061 1863 3128 clausit,
1889 3082 2148 3135 cruceque
2174 3084 2360 3135 super-

366 3135 540 3204 posita
565 3136 781 3206 quievit.

424 3313 449 3340 ³¹²
479 3316 539 3355 of
562 3318 644 3358 this
674 3320 835 3372 bishop,
856 3322 946 3361 who
975 3335 1054 3364 was
1073 3337 1096 3364 a
1115 3336 1191 3365 son
1222 3325 1269 3365 of
1297 3325 1367 3368 the
1399 3328 1483 3368 carl
1507 3329 1554 3369 of
1577 3328 1832 3380 Gloucester,
1866 3344 1926 3372 we
1958 3332 2080 3372 know
2107 3332 2215 3372 little
2243 3344 2357 3372 more

370 3381 467 3420 than
486 3382 574 3422 that
591 3384 642 3424 he
662 3386 755 3425 died
772 3388 817 3426 in
839 3390 956 3431 1179.
