2638 3860
339 303 442 355 Cap.
462 301 598 352 xxiii.]
955 301 1033 336 DE
1075 299 1260 337 NUGIs
1301 299 1678 336 CURIALIUM.
2248 281 2318 343 37

313 428 500 479 multis
540 428 798 480 adversus
824 427 1127 479 Dominum
1155 435 1209 479 et
1247 427 1503 480 adversus
1547 427 1798 480 Christos
1841 426 1958 496 ejus
2000 423 2324 496 privilegiati

314 513 592 564 redierunt
647 513 857 583 injuriis
913 515 969 565 in
1011 513 1237 566 concilio
1290 513 1642 565 Lateranensi
1683 512 1784 565 sub
1829 510 2139 564 Alexandro
2182 528 2324 579 papa

312 598 472 649 tertio
491 600 524 636 ³¹<
569 598 855 651 celebrato.
948 600 1089 651 Tota
1137 599 1431 650 multitudo
1494 598 1817 668 pontificum
1862 604 2013 650 extra
2056 596 2322 666 adegerat,

313 702 454 753 papa
509 685 800 754 praedictus
852 703 978 737 cum
1022 683 1309 737 abbatibus
1354 691 1409 735 et
1459 684 1601 736 clero
1650 683 1743 736 vix
1785 683 2142 753 optinuerunt
2189 681 2323 751 ipsis

315 770 478 822 etiam
503 769 866 839 praesentibus
896 769 1169 822 modicum
1196 769 1326 839 quid
1353 770 1482 821 satis
1509 771 1768 823 adversus
1795 788 1982 822 eorum
2009 767 2320 839 privilegia3

314 863 601 908 tacuerunt
642 856 772 907 dum
799 856 1087 920 affuerunt,
1115 856 1210 908 sed
1236 854 1464 908 concilio
1491 856 1671 908 soluto
1699 855 1884 908 statim
1910 854 2121 924 aperuit
2162 871 2322 922 rugas

315 942 423 993 oris
481 941 565 993 sui
600 940 819 992 domina
857 940 1037 1006 bursa,
1083 959 1202 1010 quae
1252 958 1376 992 cum
1416 958 1530 992 non
1578 940 1648 992 sit
1691 944 1895 1004 amor,†
1930 939 2101 992 vincit
2139 947 2324 992 tamen

315 1026 498 1078 omnia
523 1028 732 1089 Romae,
772 1025 1006 1094 factique
1048 1043 1235 1076 sumus
1274 1024 1474 1076 iterum
1519 1025 1596 1077 eis
1636 1025 1837 1094 praeda,
1881 1025 2173 1095 privilegiis
2216 1024 2326 1077 vir-'

313 1112 526 1163 tuosius
569 1109 815 1162 firmatis,
893 1110 1194 1163 Praevalent
1237 1129 1349 1162 non
1394 1111 1568 1162 dicam
1611 1109 1790 1162 bursae
1837 1110 1931 1162 sed
1971 1118 2171 1174 vesteS,
2211 1128 2324 1162 non

315 1198 490 1250 dicam
516 1215 762 1267 personae
789 1197 885 1248 sed
912 1196 1239 1261 voluntateS,
1264 1195 1536 1266 religionis
1558 1203 1760 1248 nostrae
1776 1195 1917 1248 vesti
1937 1195 2253 1248 clericorum
2269 1202 2325 1247 et

312 1283 597 1335 voluntati.
675 1283 942 1335 Crescunt
967 1282 1111 1335 enim
1140 1301 1370 1352 semper,
1397 1290 1453 1335 et
1477 1300 1577 1334 nos
1596 1282 1974 1334 decrescimus,
2054 1280 2324 1333 Altarium

311 1369 424 1421 vita
449 1369 608 1421 nobis
636 1387 667 1420 a
693 1369 934 1421 Domino
969 1369 1204 1438 primum
1246 1369 1388 1432 data,
1416 1354 1767 1436 postmodum
1812 1386 1843 1418 a
1879 1366 2195 1437 patriarchis
2240 1373 2326 1419 est

315 1455 570 1507 exhibita.
646 1456 776 1506 Non
805 1455 1145 1507 succedimus
1172 1455 1229 1506 in
1254 1454 1586 1519 haereditate,
1612 1453 1857 1523 patribus
1902 1453 2171 1522 negociari
2210 1471 2323 1505 non

310 1541 454 1606 licet,
481 1540 784 1592 mendicare
822 1559 1135 1609 possumus,
1213 1541 1339 1592 Hoc
1381 1540 1560 1609 pudor
1601 1540 1792 1603 aufert,
1819 1539 2119 1591 reverentia
2152 1538 2321 1604 vitat3

312 1627 496 1679 vultus
559 1627 663 1678 hoc
714 1634 875 1695 negat
922 1625 1207 1678 voluntati.
1285 1626 1424 1680 Quae
1474 1624 1634 1677 nobis
1684 1624 1848 1694 igitur
1896 1624 2195 1676 exhibitio?
2234 1622 2324 1676 vel

313 1713 458 1764 unde
480 1714 497 1764 Ρ
538 1730 661 1763 cum
688 1712 869 1763 omnia
894 1712 1003 1763 fere
1030 1718 1252 1764 teneant
1277 1712 1462 1764 altaria
1486 1711 1739 1781 religiosi,
1764 1711 1858 1764 vix
1896 1728 2015 1780 quae
2054 1708 2323 1761 sufficiant

317 1797 526 1866 singula
568 1796 793 1865 singulis
836 1796 1040 1849 clericis
1085 1797 1286 1862 altaria,
1313 1798 1593 1867 multoque
1636 1797 1818 1866 plures
1860 1796 1971 1847 sint
2008 1794 2114 1864 ipsi
2158 1813 2321 1863 quam

313 1882 448 1951 ipsa,
477 1901 600 1934 cum
626 1881 1016 1933 monasterium
1045 1881 1116 1933 sit
1150 1881 1466 1935 clericorum
1492 1900 1687 1946 carcer,
1715 1889 1771 1934 et
1785 1881 1962 1933 bonus
1988 1880 2078 1932 ille
2104 1879 2141 1932 J
2144 1878 2320 1932 eroni-

311 1987 434 2020 mus
462 1968 621 2032 dicat,
648 1971 684 1997 ‘⁶
706 1966 850 2018 Mihi
877 1967 1078 2019 securis
1106 1968 1171 2019 ad
1198 1967 1433 2020 radicem
1453 1976 1536 2020 est
1554 1967 1750 2038 posita,
1777 1967 1883 2019 nisi
1910 1967 2091 2019 defero
2118 1984 2319 2018 munus

314 2052 382 2103 ad
421 2053 638 2104 altare.''
716 2053 958 2106 Unitatis
985 2054 1158 2123 pactis
1197 2053 1552 2123 optinuerunt
1584 2054 1730 2106 unde
1755 2053 2021 2118 vivamUS,
2059 2059 2114 2105 et
2148 2052 2224 2104 eis
2252 2069 2319 2103 ex

313 2139 462 2189 victu
488 2146 675 2189 nostro
713 2138 982 2191 tributarii
1019 2139 1234 2204 fiamUS,
1260 2139 1435 2208 sitque
1481 2142 1872 2192 monasterium
1917 2156 2094 2190 carcer
2133 2156 2321 2190 mona-

314 2224 556 2287 chorum,
585 2241 690 2291 quo
718 2223 894 2276 clerici
920 2243 1042 2276 cum
1070 2225 1322 2277 monachi
1340 2225 1611 2276 voluerint
1629 2232 1932 2288 teneantur,
1951 2223 2058 2274 nisi
2078 2223 2322 2275 deferant

314 2309 380 2360 ad
408 2308 571 2359 altare
598 2307 879 2361 tributum.
956 2310 1153 2361 Multis
1179 2328 1280 2361 nos
1329 2310 1681 2379 supplantant
1706 2308 1910 2360 artibus
1938 2316 1993 2359 et
2018 2315 2226 2359 arctent
2251 2306 2318 2358 ab

314 2393 551 2446 ecclesiis
573 2413 587 2456 3
628 2411 751 2444 cum
777 2394 974 2446 milites
1002 2394 1070 2446 ad
1115 2413 1250 2463 quos
1271 2395 1393 2463 jura
1418 2402 1734 2463 patronatus
1772 2394 2048 2463 pertinent
2073 2399 2240 2461 egunt
2265 2399 2321 2443 et

316 2479 418 2531 sibi
480 2486 677 2547 petunt
721 2499 751 2530 a
801 2479 1153 2549 templarium*
1194 2480 1281 2532 vel
1335 2479 1743 2551 hospitalarium
1807 2478 2083 2530 subveniri
2132 2476 2320 2546 copiiS,

312 2565 662 2635 respondent,
702 2566 1011 2635 “Suppetit
1054 2566 1184 2618 satis
1225 2567 1369 2618 unde
1412 2564 1567 2617 vobis
1614 2565 2020 2628 subveniamuS,
2066 2563 2161 2615 sed
2204 2581 2317 2615 non

312 2653 440 2705 licet
478 2652 762 2722 quicquam
803 2652 869 2703 de
925 2652 1155 2721 pecunia
1216 2650 1407 2721 templi
1455 2651 1543 2703 vel
1590 2650 1874 2720 hospitalis
1914 2649 2021 2701 nisi
2063 2647 2318 2700 fratribus

315 2740 614 2809 impertiri,
654 2747 836 2791 tamen
865 2738 910 2789 si
935 2738 1323 2790 fraternitatem
1351 2744 1593 2789 nostram
1619 2736 1827 2805 ingredi
1851 2734 2105 2799 volueris,
2145 2733 2322 2802 aliqua

318 2825 503 2877 domui
561 2824 789 2875 Domini
837 2823 1183 2892 possessione
1245 2823 1437 2875 collata
1497 2821 1864 2874 liberaberisss'
1941 2821 2084 2889 Ergo
2140 2818 2322 2871 miseri

318 2910 513 2979 quibus
556 2908 796 2978 undique
846 2916 1101 2960 tenentur
1143 2908 1372 2962 vinculis
1430 2907 1638 2959 absolvi
1688 2907 1985 2976 cupienteS,
2025 2904 2149 2974 quia
2183 2904 2322 2955 nihil

315 3002 379 3046 ut
428 3001 624 3062 putant
660 2993 945 3062 possident
1002 3012 1109 3062 quo
1165 3000 1401 3063 possunt
1455 2992 1765 3044 indemnius
1805 3009 1983 3043 carere
2021 3009 2183 3060 quam
2222 2989 2319 3041 do-

316 3078 628 3131 nationibus
656 3078 1017 3142 ecclesiarum,
1042 3078 1158 3129 illas
1181 3078 1412 3130 libenter
1428 3077 1575 3129 dant.
1653 3077 1734 3129 Ut
1757 3076 1986 3128 libenter
2004 3076 2320 3145 hujusmodi

314 3165 535 3216 fallaciis
562 3182 673 3215 non
701 3163 874 3215 dicam
902 3163 999 3214 sed
1041 3163 1247 3215 facetiis
1291 3169 1543 3216 avertunt
1587 3161 1892 3226 simoniam,
1935 3180 2005 3214 ne
2047 3161 2320 3214 Dominus

371 3308 397 3334 '¹‘
425 3307 525 3346 This
544 3320 623 3345 was
642 3307 841 3359 probably
861 3307 931 3346 the
950 3307 1113 3358 general
1133 3306 1294 3347 council
1403 3307 1434 3349 Τ
1465 3305 1616 3344 Omnia
1644 3305 1774 3344 vincit
1806 3318 1934 3354 amor,
1969 3309 2011 3345 et
2033 3318 2110 3345 nos
2129 3305 2321 3346 cedamus

319 3376 418 3415 held
438 3375 483 3414 in
505 3375 626 3416 1179.
1354 3374 1703 3425 amori.—Virgil.
1727 3374 1870 3424 Eclog.
1892 3387 1932 3414 x·
1951 3374 1982 3414 l.
2005 3374 2073 3416 69.
