2638 3860
374 396 475 442 130
1002 447 1005 449 Α
1079 402 1388 438 GUALTERI
1430 402 1629 437 MAPEs
2019 405 2223 455 [Distinc.
2249 404 2333 443 111.

375 541 794 615 praemunitionis
821 548 875 592 et
901 540 1028 592 alias
1055 540 1306 592 exhibitae
1343 540 1667 593 fidelissimae
1693 559 1851 606 curae,
1876 542 2032 611 petiit
2057 562 2087 594 a
2113 562 2199 596 me
2225 543 2357 595 mihi

376 632 624 683 collatum
651 647 680 679 a
704 627 857 680 vobis
884 627 1161 690 honorem,
1188 634 1243 679 et
1275 626 1400 678 tulit
1439 645 1560 679 ecce
1604 644 1781 678 coram
1810 627 1964 679 vobis
2007 635 2175 680 totam
2220 630 2360 681 hanc

374 715 604 766 animam
631 713 854 763 effusam
886 718 940 762 et
971 730 1056 763 me
1091 711 1466 764 misericordiae
1500 719 1691 763 vestrae
1729 710 1953 779 genibus
1988 713 2358 780 provolutum,

375 798 542 849 donec
563 796 627 847 de
644 795 801 864 plena
820 794 998 846 debita
1015 796 1222 847 doleam
1233 796 1315 847 vel
1333 795 1582 864 gratulari
1601 793 1893 863 possim‘de
1908 796 2118 848 venia.''
2181 797 2361 848 Ninus

375 882 440 932 ad
456 881 568 931 haec
585 898 694 931 non
712 879 981 931 immerito
999 888 1197 943 motus,
1217 879 1273 930 in
1288 879 1437 931 brevi
1459 879 1636 930 studio
1654 879 1778 949 quid
1802 879 2084 948 contigerit
2109 880 2357 944 advertit,

374 973 748 1034 magnatesque
775 983 899 1016 suos
929 966 1066 1016 Parii
1091 965 1389 1035 pestilentis
1417 960 1684 1034 du'plicem
1710 965 1899 1016 edocet
1923 965 2284 1033 proditionem
2309 973 2365 1018 et

368 1050 722 1120 justissimam
746 1049 929 1100 livoris
974 1050 1253 1114 ultionem,
1297 1051 1416 1102 Deo
1439 1050 1729 1119 judicante,
1773 1068 2104 1118 puerumque
2130 1050 2366 1102 restituit

372 1135 429 1186 in
444 1135 681 1203 gratiam,
698 1142 751 1186 et
768 1134 1091 1186 seditionum
1109 1136 1337 1188 auctoris
1358 1136 1580 1187 cadaver
1598 1136 1651 1186 in
1674 1136 1899 1204 equuleo
1922 1136 2178 1205 suspendi
2188 1136 2363 1205 jubet,

374 1229 436 1273 ut
478 1221 845 1273 manifestetur
886 1221 942 1272 in
983 1229 1196 1273 mortuo
1237 1222 1382 1291 quod
1419 1223 1555 1273 male
1581 1222 1788 1274 vixerit.
1865 1222 2174 1274 Misericors
2213 1230 2366 1292 pater

375 1315 559 1359 noster
594 1307 650 1357 in
676 1307 823 1375 virga
850 1308 1064 1375 corrigit
1094 1315 1148 1359 et
1179 1308 1370 1360 baculo
1395 1308 1534 1360 filios
1561 1317 1615 1360 et
1638 1309 1695 1359 in
1721 1309 2054 1377 correptione
2081 1318 2365 1362 conservat

377 1393 443 1445 ab
470 1393 640 1444 ultore
665 1393 876 1458 furoriS,
904 1393 1074 1445 donec
1099 1394 1256 1462 plene
1282 1401 1646 1458 contemnant,
1675 1395 1813 1447 sicut
1840 1395 2043 1459 Parius,
2065 1395 2156 1464 qui
2184 1395 2365 1446 statim

377 1478 649 1545 conceptis
683 1477 869 1546 primis
916 1478 1170 1531 adversus
1206 1480 1446 1531 Lausum
1482 1498 1548 1531 ex
1589 1480 1791 1531 invidia
1830 1480 2067 1532 motibus
2094 1481 2368 1550 adquievit

377 1563 530 1626 odiis,
557 1571 610 1614 et
634 1563 758 1614 inde
786 1582 894 1615 non
913 1565 1128 1629 restitit,
1169 1566 1263 1617 sed
1288 1573 1436 1618 totus
1481 1566 1695 1630 institit,
1727 1566 1818 1635 qui
1856 1574 1987 1635 quot
2012 1567 2260 1619 toleravit
2299 1584 2366 1618 ex

378 1647 541 1699 Lausi
566 1647 833 1716 prosperis
878 1649 1115 1714 adversa,
1141 1651 1226 1702 vel
1251 1669 1316 1702 ex
1359 1651 1701 1720 provectibus
1747 1652 2136 1720 depressiones,
2182 1671 2250 1704 ex
2275 1671 2368 1703 an-

377 1733 548 1802 gustis
612 1733 900 1802 angustias,
959 1742 1042 1787 tot
1089 1736 1382 1805 intelligere
1433 1737 1619 1789 debuit
1679 1738 2084 1806 castigationes3
2148 1746 2203 1789 at
2251 1738 2368 1806 ipse

380 1827 692 1887 contemptu
720 1822 955 1888 perfecto
999 1822 1179 1874 Deum
1224 1842 1254 1874 a
1281 1842 1336 1875 se
1379 1824 1599 1891 fugavit,
1644 1842 1749 1892 quo
1775 1832 1994 1893 propter
2018 1824 2368 1876 homicidium

378 1905 577 1956 foedum
608 1924 794 1957 averso
821 1907 982 1958 catuli
1006 1907 1222 1959 leonum
1250 1908 1517 1976 rugientes
1543 1909 1687 1961 hunc
1713 1928 1742 1960 a
1768 1911 1888 1961 Deo
1917 1910 2017 1961 sibi
2044 1910 2372 1979 quaesierunt

382 2008 575 2055 escam,
602 1998 655 2041 et
682 1991 836 2042 datus
864 1999 946 2042 est
983 1992 1077 2057 eiS,
1115 2001 1168 2044 et
1202 1993 1570 2045 custodierunt
1595 2013 1735 2059 eum,
1775 2002 1836 2046 ut
1862 1995 2030 2047 filium
2058 1997 2222 2047 Lausi
2247 2015 2370 2048 cum

382 2083 532 2144 patre
576 2075 735 2127 simul
773 2078 1052 2141 occideret,
1092 2079 1412 2148 plenamque
1446 2081 1778 2132 voluntatem
1814 2081 2103 2133 habentem
2149 2083 2370 2154 aliisque

385 2159 484 2210 sibi
512 2159 805 2227 saginatum
833 2162 1084 2230 nequitiis
1111 2172 1436 2215 vocaverunt
1461 2183 1583 2216 cum
1609 2165 1825 2233 placuit.
1872 2166 1995 2219 Hoc
2021 2168 2183 2219 modo
2210 2186 2371 2237 quem

384 2244 653 2296 Dominus
682 2245 1034 2314 dereliquerit,
1056 2247 1143 2300 ille
1170 2249 1421 2313 custodit,
1456 2250 1542 2302 cui
1569 2251 1851 2303 derelictus
1879 2261 1978 2317 est,
2012 2261 2076 2304 ut
2100 2254 2204 2320 ipsi
2232 2273 2372 2306 sem-

384 2347 477 2398 per
511 2329 730 2397 impune
769 2331 1024 2383 desaeviat
1058 2334 1143 2385 cui
1183 2334 1431 2399 deservit,
1473 2335 1852 2407 damnosisque
1892 2339 2228 2391 successibus
2271 2340 2373 2392 im-

384 2413 632 2482 pingetur
669 2415 735 2465 ad
773 2424 1021 2481 mortem,
1064 2418 1234 2470 donec
1283 2419 1504 2487 impleta
1545 2420 1615 2471 sit
1663 2420 1916 2491 iniquitas
1957 2424 2023 2475 ad
2061 2424 2372 2478 vindictam.

385 2500 625 2551 Audiant
662 2501 777 2552 haec
812 2509 866 2552 et
902 2503 1219 2572 resipiscant
1255 2505 1421 2569 lividi,
1447 2524 1547 2558 nec
1592 2516 1848 2576 spernant
1891 2511 2374 2581 quomodocunque

384 2603 497 2636 rem
523 2585 598 2636 eis
638 2586 1044 2653 masticaverim,
1087 2590 1131 2641 si
1172 2591 1299 2659 quid
1342 2592 1587 2643 utilitatis
1633 2593 1854 2647 subesse
1878 2596 2163 2648 videbitur.
2237 2598 2373 2666 Apis

387 2678 441 2722 et
466 2671 709 2722 dulcibus
736 2679 790 2724 et
816 2675 1006 2726 amaris
1031 2675 1210 2727 herbis
1235 2677 1449 2741 insidet,
1477 2685 1532 2730 et
1569 2697 1634 2730 ex
1661 2679 1880 2749 singulis
1907 2682 2106 2750 aliquid
2132 2701 2264 2735 cerae
2290 2685 2376 2735 vel

388 2756 558 2807 mellis
585 2756 760 2821 elicit3
799 2767 1003 2811 amator
1041 2761 1314 2829 sapientiae
1340 2763 1631 2831 quemlibet
1655 2764 1712 2815 in
1738 2765 1914 2835 aliquo
1941 2775 2157 2835 poetam
2183 2788 2376 2838 appro-

388 2839 563 2903 bat,et
581 2841 646 2892 ab
665 2843 811 2894 omni
831 2845 1025 2913 pagina
1044 2865 1203 2914 quam
1219 2847 1535 2916 bajulaverit
1549 2850 1750 2901 recedit
1770 2851 1994 2906 doctior.
2035 2854 2212 2907 Instat
2233 2857 2377 2909 enim

392 2932 445 2975 et
469 2926 704 2978 adhaeret
746 2927 930 2992 literae,
964 2949 1062 2982 nec
1099 2931 1262 2983 habet
1301 2932 1532 3001 aliquam
1559 2932 1785 2987 invisam
1830 2937 1934 2988 nisi
1974 2939 2256 3007 pervisam‚
2284 2950 2378 2995 aut

392 3010 681 3077 neglectam
731 3012 835 3064 nisi
861 3015 1188 3083 perlectam,
1234 3017 1279 3068 si
1328 3018 1455 3086 quid
1504 3027 1688 3071 auctor
1733 3021 1982 3090 opinatus
2033 3031 2116 3076 est
2157 3028 2380 3094 provide

395 3095 734 3163 comprobat3
781 3098 826 3149 si
862 3117 988 3151 vero
1021 3101 1183 3170 (quod
1227 3101 1367 3154 absit
1389 3103 1420 3170 l)
1450 3104 1648 3174 ubique
1672 3108 1833 3159 fuerit
1858 3108 2081 3176 inutilis,
2119 3131 2229 3164 non
2257 3133 2380 3165 auc-

396 3178 524 3229 toris
567 3180 797 3250 imputat
820 3184 1054 3253 ineptiae,
1096 3187 1188 3238 sed
1227 3187 1538 3241 hebetudini
1567 3193 1813 3261 propriae,
1859 3213 2107 3266 saepeque
2150 3199 2379 3267 repulsis

398 3261 523 3325 dum
549 3263 789 3334 improbe
814 3269 1046 3323 luctatur
1071 3272 1310 3326 evincere
1337 3276 1481 3344 quod
1517 3277 1673 3345 juvat
1711 3287 1806 3331 aut
1830 3282 2022 3350 prosit,
2048 3282 2103 3333 in
2131 3301 2298 3336 novas
2325 3293 2380 3337 et

397 3345 638 3399 meliores
680 3349 865 3403 incidit
908 3355 1136 3422 argutias
1181 3376 1338 3426 quam
1381 3378 1546 3430 penes
1589 3381 1646 3414 se
1689 3373 1873 3418 auctor
1911 3367 2175 3420 habuerit.
2251 3370 2380 3422 Non
