2638 3860
325 349 428 401 cap.
449 349 509 388 iii.
534 350 630 400 iiij.]
932 351 1010 384 DE
1053 350 1238 387 Nucls
1281 349 1655 386 GURIALIUM.
1967 383 1970 386 A
2210 335 2306 381 131

296 487 372 541 sic
397 488 567 559 impii,
593 508 705 542 non
750 489 843 554 sic,
890 491 985 542 sed
1029 491 1260 543 oderunt
1304 498 1592 561 antequam
1637 488 1923 553 audierint,
1965 486 2313 557 vilipendunt

294 581 582 643 antequam
608 575 936 644 appendant,
953 582 1015 627 ut
1041 575 1179 628 sicut
1201 575 1258 626 in
1286 575 1534 628 sordibus
1563 585 1691 626 sunt
1716 573 2047 626 sordescant.
2112 571 2310 624 Adhuc

296 659 473 710 solum
518 679 584 712 ex
622 661 725 713 hoc
763 661 946 730 placeo
986 662 1130 731 quod
1166 669 1382 715 vetusta
1419 662 1628 730 loquor,
1671 660 1874 713 libetne
1913 667 2098 712 tamen
2137 675 2310 727 nuper

294 745 427 797 actis
456 764 638 799 aurem
666 746 791 799 dare
818 748 1137 816 parumper?

853 920 936 971 De
959 920 1165 971 Rasone
1190 924 1242 970 et
1268 919 1376 985 ejus
1400 935 1581 971 uoeore.
1655 917 1750 988 iiij.

369 1062 513 1113 Raso
549 1060 910 1125 Christianus,
936 1079 1078 1112 unus
1122 1080 1190 1114 ex
1231 1061 1337 1113 hiis
1382 1079 1517 1130 quos
1544 1061 1705 1130 vulgo
1731 1062 2099 1113 vavassores*
2136 1060 2306 1124 aiunt,

295 1153 533 1196 castrum
581 1143 815 1196 habebat
865 1146 1011 1214 quod
1059 1145 1176 1214 ipse
1244 1146 1601 1197 fortissimum
1670 1145 1991 1199 necessitate
2060 1144 2307 1197 tuitionis

294 1239 668 1296 exstruxerat3
706 1231 941 1283 habebat
966 1231 1110 1283 enim
1137 1233 1445 1301 frequentes
1485 1251 1610 1284 cum
1635 1232 1812 1285 vicina
1839 1232 1942 1284 sibi
1970 1233 2306 1302 Paganorum

294 1315 510 1368 civitate
537 1334 873 1384 congreSSUS,
902 1316 985 1369 cui
1015 1316 1231 1385 quidam
1260 1316 1613 1383 admirabiliS,
1630 1317 1774 1386 quod
1801 1336 2003 1369 nomen
2029 1316 2305 1387 dignitatis

293 1409 394 1466 est,
421 1402 741 1471 presidebat.
820 1402 1068 1472 Cumque
1093 1403 1198 1472 ipsi
1226 1403 1373 1454 Raso
1393 1403 1598 1455 viribus
1619 1404 1794 1472 impar
1811 1410 1956 1455 esset
1982 1411 2037 1455 et
2061 1420 2306 1466 numerO,

293 1506 390 1539 sua
433 1496 615 1540 tamen
660 1496 716 1540 et
755 1488 901 1541 unici
944 1489 1039 1540 filii
1085 1488 1167 1540 sui
1208 1489 1523 1541 strenuitate
1568 1489 1909 1559 praevalebat,
1956 1490 2109 1558 cujus
2136 1497 2306 1540 matre

293 1573 546 1625 defuncta
571 1593 746 1626 novos
769 1593 836 1627 ex
863 1574 1112 1644 conjugio
1142 1574 1244 1627 sibi
1266 1575 1487 1644 cupiens
1514 1575 1715 1628 amicos
1743 1576 1902 1628 thoro
1923 1575 2088 1645 priori
2115 1593 2306 1627 secun-

293 1660 416 1710 dam
445 1659 743 1724 substituit,
778 1661 1036 1730 duxitque
1076 1661 1492 1730 pulcherrimam
1533 1679 1953 1731 magnarumque
1998 1660 2305 1712 divitiarum

292 1745 585 1809 dominam,
612 1746 698 1799 cui
726 1746 801 1798 sic
827 1747 1005 1798 anima
1043 1748 1159 1816 ejus
1198 1747 1565 1816 conglutinata
1591 1755 1691 1811 est,
1717 1754 1780 1799 ut
1823 1746 2105 1817 zelotypiae
2145 1764 2306 1798 causa

292 1848 349 1882 se
397 1830 544 1899 gravi
594 1830 687 1882 diu
737 1839 793 1883 et
842 1831 1063 1901 ancipiti
1114 1832 1496 1884 deliberatione
1549 1832 1909 1902 suspenderit,
1959 1840 2144 1884 utrum
2202 1830 2307 1883 sibi

292 1925 514 1986 praestet
539 1917 607 1969 ad
641 1918 956 1986 pudicitiam
996 1918 1112 1987 ejus
1157 1926 1312 1970 caute
1354 1918 1671 1970 servandam
1716 1919 1963 1971 Danaem
1989 1937 2107 1970 eam
2133 1918 2306 1969 facere

290 2003 378 2054 vel
425 2003 661 2055 Procrin.
738 2004 984 2056 Danaem
1029 2005 1180 2056 audit
1228 2023 1358 2057 auro
1405 2005 1704 2074 deceptam,
1731 2013 1786 2057 et
1817 2023 2151 2074 quaecunque
2190 2022 2302 2055 non

291 2097 436 2140 amat
462 2089 562 2141 scit
587 2108 763 2141 amare
793 2108 955 2159 posse
981 2092 1171 2157 forma,
1192 2091 1477 2160 probitate,
1504 2092 1591 2144 vel
1616 2110 1778 2156 aur03
1821 2091 2038 2143 Procrin
2068 2090 2303 2143 illectam

293 2174 518 2244 Cephali
555 2176 739 2227 laudat
777 2176 1066 2242 amoribus,
1093 2177 1450 2247 uxoriumque
1491 2178 1759 2247 sapienter
1793 2178 1842 2229 ei
1884 2177 2079 2228 liberas
2110 2176 2302 2228 fecisse

288 2261 531 2314 licentias
563 2262 654 2326 ait,
684 2270 737 2314 et
761 2270 1051 2332 utrumque
1077 2264 1304 2328 felicem,
1335 2264 1510 2333 ipsam
1537 2264 1683 2333 quod
1726 2264 1844 2333 ipse
1870 2263 2110 2327 uxorius,
2137 2262 2293 2313 illum

290 2349 434 2416 quod
471 2348 560 2399 illa
594 2349 720 2400 inde
758 2349 969 2417 pudica,
1009 2357 1063 2400 et
1107 2350 1299 2401 merito
1336 2357 1392 2401 et
1434 2350 1790 2402 retributione
1810 2370 1825 2414 ;
1874 2349 2024 2401 videt
2065 2349 2300 2400 clausam

289 2452 510 2498 errasse,
531 2434 752 2486 liberam
775 2453 831 2486 se
852 2435 1124 2500 clausisse,
1146 2436 1292 2505 quod
1309 2435 1363 2486 in
1380 2435 1661 2487 libidinem
1681 2435 1813 2487 exiit
1831 2435 2054 2499 inclusa,
2076 2434 2221 2503 quod
2242 2452 2298 2486 se

288 2521 428 2573 vallo
448 2520 721 2590 pudicitiae
742 2520 934 2572 clausit
954 2521 1187 2582 exclusa,
1209 2521 1354 2590 quod
1370 2539 1489 2590 quae
1506 2520 1688 2572 timuit
1707 2540 1835 2572 ausa
1852 2529 1952 2584 est,
1974 2539 2093 2590 quae
2111 2520 2299 2573 dilexit

287 2607 547 2675 neglexit3
576 2607 782 2658 mavult
797 2606 1058 2658 beneficio
1076 2607 1389 2659 meritorum
1407 2607 1571 2658 amari
1588 2626 1747 2676 quam
1767 2607 1990 2659 carceris
2009 2606 2297 2659 afflictione

287 2692 483 2756 timeri,
501 2692 664 2743 timor
689 2692 832 2742 enim
861 2691 1122 2743 sollicitus
1150 2699 1234 2744 est
1270 2710 1338 2744 ne
1365 2692 1570 2757 timeat,
1592 2711 1742 2745 amor
1767 2693 1958 2744 anxius
1984 2700 2048 2744 ut
2072 2699 2297 2744 ametur.

290 2776 465 2828 Solvit
514 2776 678 2845 igitur
727 2795 758 2827 a
807 2777 959 2828 freno
1005 2776 1334 2845 jumentum,
1378 2784 1442 2828 ut
1491 2795 1812 2846 quocunque
1861 2778 2029 2829 fames
2074 2776 2298 2846 jusserit

286 2860 483 2930 pabula
509 2867 728 2929 quaerat,
754 2860 1057 2912 ultroneam
1084 2861 1353 2913 extollens
1375 2861 1442 2912 ad
1463 2869 1606 2913 astra
1632 2862 1964 2931 pudicitiam,
1993 2861 2294 2914 castitatem

286 2946 539 3015 indagine
609 2954 852 2999 castrove
902 2955 1141 2999 coactam
1192 2948 1409 2999 castrati
1468 2949 1672 3000 meritis
1735 2949 1995 3018 aequalem
2035 2966 2296 3000 asserens,

288 3033 389 3085 Illa
431 3032 587 3085 vultu
628 3050 832 3098 sever0,
856 3033 1141 3102 verbisque
1186 3034 1500 3086 certissimis
1545 3035 1928 3087 comitantibus
1955 3042 2011 3087 et
2036 3052 2155 3105 quae
2180 3052 2295 3086 rem

339 3180 365 3208 *
396 3182 544 3221 Selden
574 3181 674 3235 (Tit.
707 3182 823 3222 Hon.
852 3195 896 3233 p.
926 3180 1026 3233 627)
1057 3182 1260 3221 describes
1317 3184 1396 3221 and
1417 3187 1491 3222 not
1504 3183 1778 3236 immediately
1793 3185 1840 3224 of
1856 3185 1926 3225 the
1943 3186 2058 3237 king,
2077 3199 2125 3226 or
2139 3190 2182 3225 at
2195 3186 2297 3226 least

285 3250 354 3288 the
382 3261 554 3288 vavasor
582 3261 626 3287 as
655 3261 734 3288 one
771 3249 815 3288 in
852 3249 1011 3300 dignity
1038 3255 1135 3288 next
1168 3254 1211 3289 to
1240 3263 1264 3288 a
1318 3249 1364 3289 of
1387 3250 1455 3289 the
1474 3250 1574 3302 king
1588 3264 1631 3291 as
1651 3253 1698 3292 of
1721 3266 1773 3292 an
1793 3253 1952 3294 honour
1972 3267 2020 3294 or
2038 3267 2194 3305 manor,
2215 3256 2296 3296 and

285 3317 428 3365 baron,
450 3329 526 3356 one
543 3317 631 3356 who
647 3317 778 3356 either
797 3317 892 3356 held
910 3316 958 3355 of
973 3329 996 3356 a
1015 3329 1153 3357 masne
1172 3317 1262 3357 lord
1318 3323 1391 3358 not
1411 3318 1453 3357 in
1471 3319 1591 3359 chief.
