2638 3860
337 392 366 453 7
374 396 403 442 2
1040 400 1353 436 GUAL'rEm
1395 399 1595 435 MAPEs
1986 394 2187 445 [Distinc.
2209 391 2270 431 ΙΙ.

338 533 556 585 Petrum
621 530 770 581 aiunt
819 545 1009 596 aquam
1067 526 1124 578 in
1164 525 1353 578 vinum
1407 522 1753 586 convertisse,
1822 520 2022 573 multos
2072 517 2323 571 homines

334 617 517 686 paucis
543 615 770 684 panibus
796 613 1111 664 miraculose
1145 611 1376 681 pavisse,
1402 618 1465 661 ut
1499 608 1678 661 sciatis
1710 606 1935 676 gratiam
1961 604 2186 657 Domini
2210 621 2323 655 non

336 702 518 754 deesse
561 698 870 768 petentibus
908 705 963 749 et
1005 695 1336 749 merentibus
1376 713 1494 748 eam
1527 692 1727 745 nostris
1768 691 1930 743 etiam
1968 688 2323 758 temporibus·

335 786 398 837 In
426 784 666 854 partibus
693 784 852 835 etiam
894 782 1221 850 Burgundiae
1247 779 1454 832 celebre
1495 778 1700 838 dicunt,
1737 775 1884 844 quod
1922 774 2076 825 miles
2103 774 2321 842 quidam

331 889 441 922 non
487 869 613 921 satis
653 869 950 920 Dominum
989 875 1255 931 metuenS,
1300 884 1423 918 cum
1460 865 1517 916 in
1556 881 1661 914 usu
1698 859 1906 930 peccati
1941 859 2024 911 sui
2061 857 2322 928 pertinaci

331 972 479 1006 more
520 953 845 1022 persisteret,
892 952 1060 1004 sensit
1098 951 1361 1003 ultionem
1412 949 1581 1001 immo
1626 946 2050 1016 correptionem3
2095 941 2324 995 adhaesit

330 1039 557 1108 scapulae
585 1055 694 1089 suae
719 1036 999 1106 infixitque
1023 1036 1219 1107 lacerta
1245 1036 1433 1087 dentes
1461 1042 1515 1086 et
1542 1033 1755 1102 digitos,
1781 1039 1836 1083 et
1861 1049 1984 1083 cum
2009 1029 2317 1081 nullatenus

326 1123 560 1175 amoveri
584 1130 771 1191 posset
798 1121 1124 1192 Hypocratis
1152 1128 1264 1172 arte
1289 1120 1377 1171 vel
1413 1118 1718 1171 orationum
1751 1116 1972 1179 auxili0,
2007 1113 2321 1166 mirabiliter

327 1228 383 1261 se
410 1208 783 1277 magnificabat
824 1206 1200 1259 misericordiae
1241 1212 1428 1269 mater,
1470 1204 1718 1273 quotiens
1756 1200 2073 1253 miserabilis
2098 1200 2187 1252 ille
2225 1199 2319 1251 ali-

328 1312 487 1362 quam
512 1293 569 1345 in
604 1294 718 1362 ejus
744 1293 962 1344 nomine
1008 1292 1306 1344 dedicatam
1338 1289 1573 1341 intrabat
1617 1287 1894 1340 ecclesiam
1948 1284 2318 1338 dimittebatur

326 1386 381 1429 et
419 1396 529 1429 non
570 1376 911 1445 comparebat
953 1376 1165 1439 lacerta,
1209 1374 1304 1426 sed
1349 1391 1559 1442 semper
1597 1373 1655 1424 in
1703 1372 1854 1424 exitu
1889 1371 2195 1424 adhaerebat
2250 1371 2318 1436 ei,

327 1463 472 1532 quod
514 1470 576 1514 ut
621 1464 778 1514 Petro
822 1480 918 1530 per
958 1461 1277 1531 praedictum
1319 1460 1574 1523 innotuit,
1615 1458 1795 1511 audita
1824 1459 1940 1527 ejus
1980 1458 2318 1510 confessione

324 1548 694 1617 poenitentiam
739 1547 974 1616 injunxit
1017 1546 1083 1612 ei,
1123 1546 1239 1615 ipse
1289 1552 1471 1598 autem
1510 1552 1725 1614 peracta
1763 1543 2082 1613 poenitentia
2124 1544 2316 1596 libera-

323 1641 411 1684 tus
438 1639 537 1684 est.

949 1804 1031 1853 De
1057 1802 1278 1868 quodam
1305 1803 1538 1852 eremita.
1610 1800 1682 1853 vi.

393 1900 648 1953 Visibiles
689 1900 815 1952 facit
853 1899 1241 1952 misericordias
1287 1898 1559 1950 Dominus
1599 1899 1739 1950 facta
1774 1898 1862 1952 vel
1910 1898 2160 1952 inchoata
2199 1919 2314 1970 poe-

320 1986 564 2050 nitentia,
591 1987 788 2038 docens
827 2004 918 2038 cor
956 2003 1081 2038 vere
1135 1984 1404 2053 poenitens
1465 1983 1804 2036 invisibiliter
1867 1992 1922 2036 et
1970 1985 2036 2037 ab
2088 1987 2313 2039 occultis

319 2071 547 2124 liberari.
622 2070 895 2123 Liberavit
931 2070 1204 2123 Dominus
1232 2069 1535 2121 eremitam:
1563 2069 1695 2121 hora
1733 2088 1898 2122 coenae
1923 2070 2073 2123 venit
2093 2072 2160 2123 ad
2187 2072 2312 2124 soli-

321 2157 515 2208 tarium
552 2157 609 2208 in
650 2175 829 2209 eremo
871 2175 1092 2226 serpens
1135 2155 1399 2219 modicUS,
1440 2162 1495 2206 et
1536 2155 1811 2224 ingressus
1857 2157 2104 2208 cellulam
2160 2157 2312 2227 quasi

315 2242 535 2311 jejunus
570 2242 881 2310 suppliciter
908 2259 964 2293 se
992 2241 1120 2293 satis
1148 2241 1291 2310 apud
1317 2240 1567 2293 edentem
1592 2240 1824 2293 habebat
1853 2242 2159 2312 supplicatu
2194 2262 2312 2308 SUO,

319 2327 470 2396 quasi
494 2327 775 2396 postulans
802 2327 1126 2379 alimoniam.
1204 2326 1301 2378 Ille
1328 2326 1504 2378 zelum
1544 2326 1769 2378 Domini
1801 2327 2026 2393 habenS,
2066 2329 2169 2382 etsi
2199 2348 2311 2382 non

320 2413 614 2464 secundum
642 2411 936 2476 scientiam,
963 2411 1217 2475 audierat,
1258 2414 1294 2440 “
1315 2410 1482 2463 Omni
1507 2411 1714 2480 petenti
1751 2419 1806 2464 te
1837 2413 2031 2478 tribue,
2058 2421 2113 2466 et
2138 2414 2313 2466 catelli

320 2498 385 2549 de
414 2497 562 2549 micis
590 2497 812 2548 edunt.''
887 2496 1062 2548 Micas
1089 2495 1295 2561 tribuit,
1322 2503 1377 2548 et
1403 2496 1593 2548 diebus
1619 2497 1870 2550 omnibus
1896 2499 2203 2553 venientem
2236 2500 2312 2552 ita

319 2582 555 2651 suscepit
577 2581 867 2650 hospitem,
907 2581 1077 2633 donec
1110 2589 1294 2633 tantus
1328 2581 1481 2634 fieret
1517 2590 1580 2634 ut
1617 2583 1795 2651 egredi
1831 2603 1944 2636 non
1981 2591 2169 2653 posset
2206 2603 2311 2653 qua

316 2674 551 2719 venerat.
652 2666 1008 2717 Postmodum
1059 2674 1240 2718 autem
1289 2673 1465 2718 tractu
1513 2668 1772 2736 temporis
1823 2669 2163 2722 domunculae
2213 2688 2312 2739 per

318 2752 619 2820 angustiam
657 2751 838 2803 locum
880 2750 1050 2820 igneis
1094 2752 1251 2821 spiris
1289 2751 1520 2804 involvit
1561 2752 1907 2817 adventitiuS,
1950 2761 2014 2806 ut
2053 2754 2144 2807 illa
2197 2755 2311 2808 sola

316 2845 466 2906 patet
506 2837 710 2906 hospiti
752 2855 850 2889 suo
897 2837 1069 2889 sedeS.
1162 2837 1338 2889 Flevit
1376 2836 1540 2906 igitur
1582 2845 1637 2890 et
1681 2838 1749 2890 ad
1792 2838 2093 2892 Dominum
2135 2847 2309 2892 totam

316 2923 512 2975 levavit
548 2923 782 2974 animam
825 2922 1058 2974 tortuosi
1094 2922 1350 2974 nutritius
1408 2922 1599 2975 Zabuli
1651 2923 1939 2994 poenitenS,
1978 2932 2033 2977 et
2083 2925 2308 2978 edoctus

316 3008 584 3076 quomodo
610 3007 799 3059 caritas
825 3007 1070 3077 impensa
1094 3007 1240 3059 fatue
1259 3007 1636 3077 respondebat.
1714 3008 1976 3061 Misertus
2003 3009 2165 3079 igitur
2190 3010 2307 3079 ejus

318 3092 408 3159 qui
435 3111 530 3143 sua
553 3092 721 3161 gratia
745 3110 853 3144 non
881 3100 1065 3161 potest
1088 3111 1200 3145 non
1237 3093 1478 3145 misereri
1515 3094 1804 3159 DominUS,
1842 3094 1892 3148 ei
1930 3095 2117 3148 salutis
2144 3096 2310 3148 desti-

317 3175 466 3227 navit
490 3176 765 3241 nuncium,
789 3177 966 3229 virum
993 3178 1194 3231 scilicet
1220 3179 1288 3229 ad
1326 3178 1692 3232 visitationem
1731 3180 1849 3249 ejus
1886 3180 2189 3246 advectum,
2215 3181 2309 3250 qui

320 3259 500 3311 audito
524 3260 747 3330 visoque
771 3261 1022 3328 ludibrio,
1047 3263 1333 3332 poenitenti
1358 3263 1601 3333 praecipit
1628 3266 1879 3334 quatinus
1905 3266 2047 3318 illius
2072 3283 2309 3334 praesen-

319 3343 448 3395 tiam
489 3344 754 3412 patienter
790 3345 987 3399 habeat
1025 3347 1082 3399 in
1124 3347 1267 3400 diem
1307 3348 1792 3418 quadragesimum.
1867 3349 1957 3402 Fit
1987 3350 2081 3415 ita,
2117 3349 2308 3419 dieque
