2638 3860
353 364 455 416 cap.
476 364 566 415 vii.]
963 367 1040 402 DE
1083 369 1265 404 NUG1s
1307 369 1681 406 CUR1AL1UM.
2222 362 2326 408 239

326 522 486 573 quem
531 505 790 558 advocare
829 506 1098 573 videntur,
1124 508 1215 578 qui
1265 509 1512 562 dolorum
1558 510 1803 563 incentor
1839 518 1923 563 est
1966 519 2022 563 et
2062 511 2328 564 idolorum

327 589 381 640 in
411 589 520 641 suis
547 590 725 655 faber3
764 592 1033 654 Acheron,
1062 593 1281 645 tristitia
1307 594 1510 646 scilicet
1537 595 1620 646 vel
1662 613 1728 646 ex
1765 595 1921 647 factis
1948 595 2034 647 vel
2061 614 2127 648 ex
2171 597 2328 649 dictis

326 676 660 745 poenitentia,
686 678 772 729 vel
797 696 863 729 ex
889 679 1084 747 cupitis
1111 687 1166 731 et
1190 698 1300 731 non
1327 680 1617 745 assecutis3
1655 680 1979 750 flagitiorum
2006 691 2100 734 aut
2124 682 2329 752 flagella

326 780 669 830 paenarumve
694 762 974 831 passiones
993 764 1082 816 hic
1108 765 1378 834 assignare
1405 784 1697 835 possumus
1735 766 1778 818 si
1805 768 1884 818 fas
1916 775 2017 820 est.
2093 767 2328 834 Charon,

329 848 523 899 inferni
549 848 795 917 portitor,
822 849 1093 902 neminem
1118 850 1174 902 in
1201 850 1393 920 cymba
1420 852 1719 903 transvehit
1759 852 1864 903 nisi
1907 853 1998 922 qui
2042 853 2235 923 stipem
2261 854 2328 906 ab

328 952 418 987 ore
445 934 685 1004 porrigit,
727 934 794 986 ab
839 953 929 987 ore
957 935 1168 999 dicitur,
1196 954 1307 987 non
1350 955 1380 987 a
1423 955 1605 1001 mann,
1643 937 1769 1006 quia
1810 946 1994 990 noster
2032 938 2262 1007 portitor
2287 939 2332 990 si

326 1020 635 1089 promiseris
663 1019 995 1089 obsequitur,
1023 1020 1067 1072 si
1094 1021 1302 1073 dederis
1350 1029 1404 1074 te
1448 1040 1559 1074 non
1604 1030 1893 1091 cognoscet
1917 1023 2165 1092 amplius·
2240 1024 2329 1078 Sic

326 1105 632 1174 frequenter
674 1113 730 1157 et
771 1105 827 1156 in
866 1106 983 1157 aliis
1023 1106 1079 1157 in
1124 1106 1270 1158 curia
1313 1107 1631 1176 praejudicat
1662 1107 1852 1160 umbra
1890 1110 2117 1178 corpori,
2144 1109 2331 1161 dubie-

326 1197 410 1241 tas
445 1190 770 1255 certitudini,
816 1191 1019 1242 dationi
1061 1191 1366 1260 promissio.
1439 1192 1699 1243 Tantalus
1749 1191 1825 1243 ibi
1872 1193 2078 1244 luditur
2125 1212 2156 1246 a
2204 1195 2329 1263 fuga

327 1276 601 1341 fluminis3
639 1295 740 1329 nos
766 1276 853 1329 hic
881 1277 1022 1329 bona
1048 1296 1166 1346 quae
1193 1277 1502 1329 summitate
1530 1277 1820 1346 digitorum
1846 1279 2114 1347 tangimus
2148 1282 2332 1350 refuga

324 1362 536 1426 fallunt,
562 1369 618 1413 et
643 1361 794 1431 quasi
813 1362 925 1430 jam
947 1361 1169 1413 obtenta
1194 1361 1430 1430 disparet
1453 1362 1674 1414 utilitas.
1750 1363 2015 1434 Sisyphus
2040 1364 2115 1416 ibi
2142 1383 2327 1418 saxum

327 1447 393 1498 ab
420 1447 530 1498 imo
556 1446 709 1498 vallis
736 1447 803 1497 ad
831 1445 1031 1497 montis
1058 1453 1308 1515 apportat
1328 1445 1553 1515 apicem,
1578 1446 1811 1516 indeque
1830 1448 2134 1500 revolutum
2157 1449 2330 1518 sequi-

327 1539 416 1583 tur
439 1539 502 1583 ut
525 1531 863 1601 relapsurum
901 1532 1154 1595 revehat3
1195 1540 1322 1583 sunt
1341 1540 1395 1583 et
1419 1531 1506 1584 hic
1532 1532 1624 1601 qui
1650 1533 1956 1585 divitiarum
1992 1534 2329 1587 altitudinem

327 1618 526 1687 adepti,
567 1618 702 1669 nihil
740 1626 920 1670 actum
972 1625 1183 1686 putant,
1234 1625 1288 1669 et
1327 1618 1598 1686 relapsum
1644 1637 1737 1671 cor
1779 1619 1835 1671 in
1877 1620 2069 1672 vallem
2096 1620 2328 1674 avaritiae

329 1712 642 1774 sequuntur,
686 1711 750 1755 ut
791 1703 924 1754 illud
967 1703 1024 1754 in
1064 1710 1307 1755 montem
1334 1704 1640 1756 ulteriorem
1667 1713 1937 1770 revocent,
1973 1725 2078 1775 quo
2113 1707 2328 1775 quidem

327 1791 621 1843 consistere
647 1808 758 1841 non
784 1790 958 1852 datur,
984 1789 1108 1858 quia
1135 1808 1228 1858 spe
1255 1789 1560 1858 cupitorum
1589 1809 1802 1859 semper
1827 1791 2022 1860 adepta
2046 1792 2328 1846 vilescunt.

329 1874 439 1927 Cor
465 1881 646 1926 autem
670 1873 803 1925 illud
848 1891 976 1924 saxo
1003 1881 1359 1942 comparatur,
1386 1873 1509 1941 quia
1535 1874 1804 1926 Dominus
1831 1875 1922 1938 ait,
1946 1876 2202 1927 Auferam
2240 1893 2331 1928 cor

326 1960 599 2029 lapideum
627 1967 682 2011 et
706 1958 845 2010 dabo
873 1960 1183 2011 carneum.*
1258 1959 1370 2010 Det
1397 1959 1567 2023 DeUS,
1612 1966 1667 2010 et
1707 1959 1784 2011 sic
1826 1959 1985 2011 faciat
2027 1961 2332 2026 curialibus,

326 2055 390 2098 ut
414 2047 470 2098 in
496 2047 673 2115 aliquo
700 2044 968 2097 montium
994 2062 1218 2115 pausare
1244 2044 1477 2114 possint.
1572 2044 1728 2096 Ixion
1755 2044 1831 2096 ibi
1856 2045 2091 2098 volvitur
2115 2046 2170 2097 in
2196 2054 2329 2112 rota,

329 2132 431 2184 sibi
471 2149 612 2200 saepe
655 2131 946 2195 dissimilis,
975 2147 1135 2198 super
1161 2129 1362 2192 subter,
1388 2129 1513 2180 hinc
1539 2137 1594 2181 et
1617 2129 1796 2194 illinc3
1835 2130 2094 2183 habemus
2138 2139 2191 2184 et
2231 2150 2331 2184 nos

329 2218 568 2280 IxioneS,
607 2234 741 2285 quos
800 2224 943 2267 sorte
1001 2234 1100 2266 sua
1150 2214 1402 2267 volubilis
1441 2215 1657 2266 fortuna
1694 2223 1925 2284 torquet.
2011 2218 2331 2269 Ascendunt

329 2303 397 2354 ad
439 2302 680 2372 gloriam,
718 2309 885 2352 ruunt
922 2301 979 2352 in
1023 2299 1462 2362 misericordiam,
1509 2307 1829 2367 sperantque
1856 2299 2066 2368 dejecti,
2095 2302 2330 2370 supremi

328 2388 581 2456 gaudent,
618 2385 791 2438 infimi
816 2386 1032 2454 lugent3
1072 2384 1246 2436 dextri
1284 2391 1519 2452 sperant,
1559 2382 1762 2434 sinistri
1788 2391 2067 2447 metuunt3
2095 2403 2324 2455 cumque

332 2473 403 2525 sit
438 2473 678 2541 undique
717 2471 1018 2523 timendum
1056 2469 1112 2521 in
1150 2477 1288 2533 rota,
1325 2468 1525 2519 nullius
1562 2467 1618 2518 in
1645 2486 1706 2519 ea
1750 2468 1864 2520 sine
1904 2487 1998 2537 spe
2036 2469 2185 2522 locus
2228 2479 2328 2534 est,

331 2569 387 2612 et
412 2578 535 2612 cum
575 2560 749 2628 ipsam
796 2575 938 2626 speS,
976 2563 1172 2616 metus,
1209 2554 1484 2624 gaudium,
1521 2553 1803 2623 luctusque
1841 2555 2177 2624 participent,
2216 2557 2330 2608 sola

334 2645 437 2699 sibi
462 2645 717 2697 familiam
746 2662 869 2713 spes
896 2638 1022 2694 facit
1048 2650 1103 2693 et
1129 2641 1350 2692 detinet.
1424 2640 1564 2691 Tota
1589 2639 1838 2691 terribilis
1865 2647 1965 2704 est,
1991 2649 2177 2693 contra
2202 2660 2329 2694 con-

333 2731 585 2784 scientias
611 2739 727 2783 tota
767 2730 978 2792 militat,
1004 2746 1103 2780 nec
1129 2727 1253 2778 inde
1281 2725 1458 2777 minus
1486 2725 1773 2794 appetitur.
1835 2726 2027 2795 Tityus
2053 2727 2089 2779 J
2092 2746 2327 2779 unonem

332 2818 506 2887 prima
553 2815 761 2868 visione
812 2813 1032 2883 cupivit,
1080 2812 1328 2880 ultroque
1378 2818 1586 2861 motum
1638 2821 1854 2862 secutus
1903 2812 2148 2864 illicitum
2196 2813 2329 2864 fatui

326 2902 524 2973 jecoris
551 2920 661 2954 non
687 2899 973 2952 refrenavit
998 2897 1258 2960 ardorem,
1285 2896 1428 2948 unde
1454 2895 1644 2947 merito
1684 2896 1905 2964 punitur
1944 2898 2131 2949 eodem
2150 2899 2329 2967 jecore

334 2988 480 3059 quod
507 2988 574 3039 ad
615 2986 698 3038 sui
733 2985 1057 3037 detrimenta
1083 2982 1380 3034 renascitur
1397 3003 1412 3046 3
1450 2981 1725 3033 vulturum
1752 2981 2061 3034 aviditatem
2090 2983 2328 3048 exhibet,

335 3075 480 3144 quod
522 3091 643 3125 cum
689 3090 800 3123 non
836 3070 1064 3133 deficiat,
1102 3068 1367 3120 inflictum
1412 3074 1496 3119 est
1528 3074 1590 3118 ut
1614 3085 1723 3118 non
1751 3067 1995 3119 sufficiat.
2069 3068 2329 3138 Nunquid

333 3179 444 3212 non
496 3178 616 3211 sum
667 3177 766 3227 ego
815 3157 871 3209 in
923 3156 1067 3208 curia
1115 3155 1330 3224 Tityus,
1387 3163 1442 3206 et
1496 3154 1675 3205 forsan
1738 3153 1871 3206 alius
1934 3154 2124 3224 aliquis
2174 3157 2328 3225 cujus

389 3276 414 3300 ¹*
444 3274 592 3313 Ezech.
614 3273 752 3311 xxxvi.
775 3272 842 3311 26.
899 3271 955 3309 Et
983 3269 1087 3308 dabo
1105 3269 1220 3308 vobis
1241 3281 1311 3308 cor
1365 3268 1516 3307 vestri:
1548 3273 1590 3306 et
1612 3267 1790 3306 auferam
1821 3280 1891 3307 cor
1918 3269 2121 3320 lapideum
2143 3269 2191 3309 de
2210 3283 2330 3311 carne

334 3356 500 3389 novum,
515 3347 556 3381 et
572 3342 761 3392 spiritum
775 3352 926 3378 novum
942 3347 1092 3390 ponam
1110 3337 1153 3376 in
1177 3336 1310 3375 medio
1365 3339 1511 3383 vestra,
1534 3339 1575 3374 et
1594 3334 1696 3374 dabo
1717 3335 1830 3374 vobis
1850 3348 1920 3374 cor
1939 3348 2144 3376 carneum.
