2638 3860
321 375 424 427 Cap.
444 372 739 423 xxv.-xxvii.]
951 373 1028 408 DE
1071 373 1255 412 Nuc1s
1297 373 1672 413 CURIALIUM.
2210 363 2311 414 103

867 542 949 594 De
958 544 1158 610 furore
1187 541 1535 598 Wallensium.
1612 544 1757 598 xxvi.

384 659 466 711 Ut
503 667 684 710 autem
723 657 903 710 sciatis
939 676 1100 727 quam
1140 659 1417 713 indiscreti
1454 668 1510 713 et
1551 661 1687 713 fatui
1712 660 1906 713 furoris
1935 658 2044 712 sint
2067 658 2160 711 iroe
2186 658 2317 710 Wa—

309 743 561 809 lensium,
586 761 722 813 puer
748 742 964 812 quidam
992 744 1153 796 castri
1179 745 1324 814 quod
1365 745 1532 815 Sepes
1576 745 1786 798 Inscisa
1802 747 1835 780 ³*
1860 745 2072 810 dicitur,
2100 744 2231 797 exiit
2255 752 2318 796 ut

310 848 505 899 aquam
549 828 762 880 Waiam
814 828 1017 881 scilicet
1058 830 1346 895 transiret3
1400 849 1585 883 arcum
1627 830 1900 884 deferebat
1939 849 2063 883 curn
2107 829 2316 881 duabus

309 915 536 984 sagittiS‚
563 914 862 983 obviusque
889 914 1102 967 duobus
1143 932 1211 966 ex
1249 916 1501 968 hostibus
1542 916 1711 986 fugit3
1755 916 2053 986 fugientem
2092 916 2158 967 de
2202 923 2316 968 tam

310 1019 479 1072 prope
507 1008 724 1053 secutus
751 1007 836 1052 est
861 1000 993 1052 alter
1025 1018 1213 1053 eorum
1239 1009 1301 1053 ut
1319 1002 1434 1071 jam
1473 1003 1682 1054 tenenti
1726 1002 1914 1054 similis
1956 1009 2116 1054 esset.
2177 1002 2319 1054 Puer

311 1095 493 1140 autem
518 1086 698 1156 ipsum
723 1104 832 1137 una
858 1085 1173 1155 sagittarum
1200 1104 1418 1138 suarum
1452 1105 1550 1156 per
1588 1087 1829 1140 medium
1870 1087 2104 1157 pectoris
2144 1095 2321 1139 trans-

310 1173 464 1226 fodit.
539 1172 617 1224 At
640 1171 758 1240 ipse
785 1170 931 1223 socio
972 1189 1071 1223 suo
1109 1171 1202 1236 ait,
1240 1171 1530 1242 “Sequere
1570 1172 1771 1242 ipsum,
1798 1172 1923 1242 quia
1963 1190 2061 1241 ego
2101 1171 2319 1238 morior,

308 1267 364 1312 et
389 1257 523 1310 mihi
547 1257 716 1310 vitam
742 1274 916 1308 meam
943 1256 1010 1308 ab
1036 1257 1156 1326 ipso
1176 1258 1368 1310 refer‚’'
1445 1258 1676 1311 Secutus
1697 1259 1785 1310 ille
1805 1275 2034 1328 puerum
2055 1266 2318 1326 quantum

310 1362 408 1412 pro
435 1343 560 1397 villa
584 1341 831 1412 proxima
855 1341 1054 1411 potuit,
1080 1343 1150 1394 ad
1176 1342 1383 1395 socium
1423 1361 1595 1395 suum
1625 1343 1786 1395 rediit
1800 1363 1816 1408 3
1854 1360 1991 1412 puer
2031 1349 2211 1393 autem
2235 1342 2319 1411 ip-

311 1448 432 1481 sum
459 1447 489 1479 a
513 1428 673 1496 longe
700 1434 917 1479 secutus
944 1434 1028 1478 est
1052 1426 1388 1492 redeuntem,
1428 1436 1492 1480 ut
1524 1428 1689 1481 finem
1717 1428 1848 1481 socii
1876 1427 2053 1492 sciret,
2078 1427 2319 1496 viditque

311 1515 457 1585 quod
494 1532 619 1566 cum
659 1531 821 1564 sanus
848 1512 915 1563 ad
941 1513 1281 1564 vulneratum
1306 1513 1362 1564 in
1389 1514 1633 1566 frutectis
1659 1514 1916 1578 venisset,
1957 1512 2206 1583 quaesivit
2230 1513 2319 1564 ille

312 1621 344 1653 a
370 1619 500 1652 sano
526 1608 709 1651 utrum
737 1597 839 1650 sibi
864 1597 1032 1651 vitam
1058 1617 1089 1650 a
1113 1617 1282 1667 puero
1307 1600 1597 1665 retulisset,
1618 1618 1848 1670 cumque
1870 1599 1973 1651 sibi
1996 1616 2318 1667 responsum

313 1693 458 1739 esset
494 1703 624 1749 non,
662 1684 857 1736 “Veni
904 1684 1067 1749 huc‚”
1116 1684 1310 1754 inquit,
1348 1689 1466 1737 “ut
1506 1694 1821 1756 susceptum
1864 1704 1896 1737 a
1943 1703 2032 1737 me
2073 1683 2319 1736 osculum

312 1774 450 1825 feras
470 1771 623 1823 uxori
644 1788 777 1822 meae
812 1777 868 1822 et
904 1770 1046 1835 filiis,
1082 1771 1206 1840 quia
1245 1771 1500 1824 morior.”
1562 1773 1705 1824 Tum
1733 1790 1895 1824 sanus
1922 1788 2123 1840 aegrum
2164 1787 2320 1821 oscu-

312 1858 530 1922 laretur,
551 1856 642 1925 qui
668 1855 885 1907 suberat
902 1856 1090 1925 jacens
1117 1874 1257 1925 aeger
1276 1855 1494 1926 cnipulo
1514 1855 1564 1908 ei
1590 1856 1779 1908 effodit
1797 1856 2020 1920 viscera,
2046 1857 2081 1883 ‘⁶
2098 1854 2323 1918 Perde,’'

313 1942 580 2012 inquienS,
619 1946 654 1972 “
673 1949 823 1994 tuam
868 1941 960 2010 qui
1003 1959 1180 1994 meam
1230 1941 1364 1993 mihi
1413 1960 1510 2011 per
1558 1941 1826 2011 ignaviam
1874 1959 1988 1993 non
2036 1939 2323 1992 retulisti.”

316 2028 572 2099 Superior
621 2035 801 2079 autem
852 2027 902 2080 ei
952 2026 1197 2080 similiter
1247 2046 1345 2080 sua
1386 2027 1650 2080 insecavit
1690 2027 1896 2080 viscera
1940 2026 2158 2096 cnipulo
2205 2044 2321 2090 suo,

315 2114 518 2178 dicenS,
557 2114 832 2165 “Nullam
859 2112 1020 2164 facies
1048 2113 1114 2165 de
1153 2120 1326 2164 morte
1365 2130 1484 2164 mea
1517 2111 1851 2182 jactantiam,
1893 2111 2177 2180 solumque
2220 2111 2324 2163 hoc

317 2199 451 2250 mihi
475 2198 615 2250 male
641 2197 866 2266 contigit
902 2197 1048 2266 quod
1087 2215 1173 2249 me
1213 2196 1351 2248 mori
1392 2205 1593 2266 cogunt
1616 2197 1839 2250 vulnera
1879 2204 1991 2261 tua,
2035 2206 2323 2265 antequam

317 2283 475 2336 uxori
499 2292 607 2336 tuae
632 2282 780 2334 basia
806 2281 1001 2334 similia
1024 2281 1314 2350 liberisque
1339 2282 1448 2333 tuis
1482 2282 1917 2334 transfuderim.''
1993 2282 2136 2333 Ecce
2162 2299 2323 2349 quam

319 2371 484 2422 stulta
510 2387 776 2438 quamque
814 2368 1018 2437 injusta
1055 2375 1140 2420 est
1176 2367 1255 2420 ira
1279 2367 1639 2434 Walensium,
1680 2375 1735 2420 et
1773 2386 1933 2437 quam
1970 2367 2027 2419 in
2067 2367 2323 2436 sanguine

317 2456 476 2527 proni
502 2462 646 2508 sunt.

888 2599 971 2650 De
996 2597 1217 2664 quodam
1231 2598 1498 2665 prodiyio.
1572 2595 1737 2649 xxvii.

394 2712 700 2767 Maximum
751 2711 861 2764 scio
912 2710 1199 2781 contigisse
1242 2709 1299 2761 in
1343 2709 1538 2763 Wallia
1586 2708 1945 2780 prodigium.†
2020 2706 2323 2760 Willelmus

322 2800 574 2863 Laudun,
600 2798 755 2851 miles
791 2796 1072 2867 Anglicus,
1109 2796 1265 2848 fortis
1291 2795 1496 2848 viribus
1538 2803 1594 2848 et
1633 2794 1866 2847 audaciae
1891 2792 2149 2863 probatae,
2174 2793 2326 2846 venit

321 2887 389 2938 ad
429 2884 788 2938 Gillebertum
833 2883 1063 2949 Foliot‚‡
1107 2890 1240 2935 tunc
1290 2882 1608 2953 episcopum
1659 2880 2134 2944 Herefordensem,
2177 2897 2324 2932 nunc

376 2997 401 3020 *²
442 2996 644 3047 Probably
694 2997 792 3047 Hay
830 2996 876 3035 in
921 2996 1296 3036 Brecknockshire.
1355 2995 1523 3035 Greece.
1583 2995 1705 3035 Some
1734 2995 1852 3034 other
1880 2993 2035 3033 similar
2053 2992 2154 3032 tales
2174 2993 2256 3032 will
2273 2992 2325 3032 be

325 3065 424 3114 Hay
442 3064 516 3102 has
537 3063 607 3102 the
627 3076 736 3102 same
754 3063 944 3114 meaning
962 3075 1006 3102 as
1023 3065 1160 3113 Sepes.
1351 3061 1479 3103 found
1498 3063 1542 3101 in
1560 3062 1629 3102 W.
1651 3062 1850 3113 Neubrig.
1884 3061 1934 3100 de
1963 3060 2103 3100 Rebus
2122 3060 2324 3111 Anglicis,

380 3133 406 3177 †
436 3131 524 3169 The
545 3130 690 3169 stories
722 3129 856 3169 which
885 3130 1024 3169 follow
1042 3142 1109 3168 are
1129 3129 1296 3169 curious
1352 3129 1424 3168 lib.
1444 3141 1485 3168 v,
1508 3142 1627 3180 capp.
1649 3131 1716 3177 22,
1734 3131 1801 3169 23.

325 3199 531 3238 instances
552 3196 599 3235 of
623 3196 695 3236 the
715 3196 953 3247 prevalence
971 3196 1015 3235 in
1046 3197 1234 3246 England
1252 3197 1297 3234 in
1406 3196 1431 3243 ,ἶ
1461 3196 1536 3235 See
1574 3209 1598 3235 a
1634 3197 1787 3236 former
1822 3201 1934 3244 note,
1972 3209 2015 3247 p.
2040 3199 2104 3238 19.
2164 3195 2327 3235 Gilbert

311 3266 395 3305 the
412 3264 571 3303 twelfth
591 3267 761 3314 century
780 3263 828 3302 of
842 3276 866 3302 a
879 3263 1003 3302 belief
1017 3263 1062 3302 in
1080 3263 1295 3314 vamphes,
1353 3263 1489 3302 Foliot
1508 3277 1589 3304 was
1607 3264 1757 3317 bishop
1788 3264 1835 3305 of
1864 3263 2071 3304 Hereford
2089 3262 2197 3303 from
2219 3263 2325 3304 1149

324 3345 349 3372 a
369 3332 634 3385 superstition
667 3331 814 3383 chiefly
844 3332 1024 3383 peculiar
1051 3335 1095 3371 to
1129 3330 1299 3396 modern
1352 3334 1396 3371 to
1416 3331 1536 3371 1162.
