2638 3860
327 424 395 471 96
1039 429 1351 468 GUALTERI
1391 427 1611 465 MAPEs·
1928 427 1939 430 “
2001 429 2282 480 [Distinc.11.

319 574 572 642 juvenem
596 572 804 623 illarum
829 568 1060 639 partium
1086 566 1559 637 elegantissimum,
1584 565 1742 629 fama,
1767 562 2048 617 nobilitate
2081 582 2311 629 morum,

322 657 545 727 generiS,
566 665 620 708 et
643 658 844 719 formae,
872 662 1120 723 statuque
1146 670 1325 704 rerum
1352 659 1407 704 et
1431 667 1676 720 personae
1703 648 2091 714 felicissimum,
2108 650 2310 702 somni-

322 762 438 796 asse
466 742 607 812 quod
633 759 750 793 cum
778 741 895 809 ipsa
919 758 1032 792 rem
1057 738 1352 790 habuisset.
1427 736 1694 788 Delusum
1712 752 1768 786 se
1796 734 1926 786 dicit
1949 752 2060 799 reX,
2077 742 2132 787 et
2157 735 2311 804 quasi

324 830 388 880 de
408 846 463 880 re
482 826 736 880 veraciter
750 833 867 877 acta
888 825 1268 889 stomachatur,
1288 823 1453 887 dolet,
1474 830 1528 874 et
1549 822 1674 873 dolo
1697 820 2105 889 comprehendit
2119 821 2312 872 innox-

318 916 449 978 ium,
476 920 530 965 et
555 912 599 963 si
623 930 733 963 non
760 911 939 963 obstet
962 909 1258 963 reverentia
1284 916 1567 978 parentum
1595 915 1649 959 et
1681 907 1844 958 timor
1873 905 2095 958 ultionis
2128 905 2310 975 ipsum

320 997 637 1052 cruciatibus
664 997 861 1065 affliget
886 996 953 1047 ad
978 1004 1227 1048 mortem.
1302 995 1384 1047 Ut
1408 994 1572 1046 moris
1600 1000 1700 1057 est,
1725 992 1918 1045 vadem
1946 1009 2002 1044 se
2029 991 2186 1043 offert
2209 1010 2308 1061 pro

308 1086 506 1155 juvene
531 1090 647 1135 tota
666 1082 932 1152 cognatio,
958 1089 1012 1134 et
1030 1099 1215 1134 cavere
1237 1080 1440 1150 judicio
1469 1079 1605 1131 sisti.
1682 1078 1811 1148 Ipse
1838 1084 2015 1146 negat,
2038 1085 2092 1129 et
2110 1077 2306 1147 judici-

317 1190 410 1222 um
438 1169 618 1220 statim
641 1168 756 1220 fieri
780 1168 934 1237 petit.
1022 1167 1247 1236 Repulsi
1273 1167 1338 1218 de
1363 1166 1577 1235 repulsa
1603 1171 1912 1234 queruntur,
1940 1171 1994 1215 et
2014 1164 2142 1214 dum
2163 1172 2311 1217 tene-

318 1264 406 1308 tur
453 1255 510 1305 in
547 1254 776 1306 vinculis
826 1253 1120 1306 vindictam
1171 1252 1443 1304 differunt.
1522 1250 1690 1301 Multi
1741 1249 1809 1300 ad
1851 1249 2115 1318 judicium
2167 1267 2310 1319 saepe

322 1339 652 1393 conveniunt
677 1347 793 1390 tum
813 1340 973 1408 jussu
997 1338 1274 1407 principiS,
1298 1345 1416 1389 tum
1442 1336 1658 1388 alterius
1693 1335 2008 1387 invitatione
2033 1335 2218 1404 partiS,
2257 1343 2311 1388 et

317 1427 375 1478 in
402 1425 549 1478 omni
575 1431 854 1476 contractu
879 1424 1070 1476 defecti
1102 1424 1283 1494 plures
1316 1423 1572 1475 invocant
1607 1422 1962 1491 undequaque
1996 1422 2309 1490 prudentes,

317 1512 556 1564 Tandem
582 1529 750 1562 unum
778 1510 1067 1562 consulunt
1093 1527 1251 1578 quem
1277 1510 1418 1560 fama
1450 1507 1719 1559 faciebant
1755 1506 2105 1575 praecipuum,
2140 1514 2194 1558 et
2224 1524 2309 1558 res

320 1616 430 1650 non
464 1597 660 1660 minuS,
696 1595 890 1665 quibus
920 1595 1025 1660 ille,
1066 1598 1102 1624 ‘⁶
1127 1594 1340 1647 Judicia
1380 1602 1535 1646 terrae
1572 1600 1771 1645 nostrae
1806 1591 1956 1661 sequi
1991 1598 2222 1660 oportet,
2257 1599 2313 1644 et

319 1701 437 1752 quae
476 1688 778 1733 statuerunt
825 1687 1003 1749 patres
1052 1687 1321 1749 praecepta
1367 1679 1632 1749 longaque
1673 1677 2063 1730 consuetudine
2102 1677 2313 1729 firmata

318 1775 463 1831 sunt,
499 1767 645 1818 nulla
680 1766 952 1836 possimus
990 1767 1196 1819 ratione
1228 1766 1517 1818 destruere.
1594 1765 1893 1834 Sequamur
1926 1782 2037 1827 eOS,
2064 1771 2117 1815 et
2161 1771 2312 1815 ante-

319 1872 476 1922 quam
492 1853 548 1903 in
565 1852 889 1904 contrarium
907 1852 1118 1903 decreta
1135 1852 1335 1904 ducent
1350 1851 1565 1920 publica
1584 1850 1720 1901 nihil
1739 1868 1942 1902 novum
1957 1849 2309 1918 proferamus·

319 1938 406 1989 Ab
440 1937 823 2006 antiquissimis
853 1938 1250 2006 promulgatum
1278 1944 1361 1988 est
1391 1935 1677 2000 institutiS,
1702 1942 1765 1986 ut
1792 1934 1883 2004 qui
1922 1934 2060 2003 regis
2099 1935 2308 1987 Walliae

321 2022 558 2091 reginam
583 2022 841 2074 adulterio
869 2022 1249 2091 deturpaverit,
1276 2022 1421 2074 mille
1449 2021 1637 2074 solutis
1662 2021 1774 2090 regi
1799 2020 1974 2073 vaccis
2006 2027 2196 2072 caetera
2228 2020 2311 2072 in-

321 2107 529 2159 demnis
572 2106 706 2159 liber
744 2107 927 2159 abibit.
1017 2109 1103 2160 De
1135 2106 1392 2159 uxoribus
1433 2106 1676 2159 similiter
1709 2106 2014 2175 principum
2053 2113 2107 2158 et
2162 2124 2309 2174 mag-

321 2201 507 2245 natum
546 2211 982 2262 quorumcunque
1010 2192 1305 2245 secundum
1333 2192 1663 2261 singulorum
1691 2191 1976 2261 dignitates
2016 2191 2310 2243 constituta

319 2285 403 2330 est
417 2295 575 2346 poena
595 2277 694 2329 sub
712 2286 856 2330 certo
882 2279 1160 2330 numera*
1224 2278 1337 2330 Iste
1363 2285 1642 2330 accusatur
1663 2277 1731 2329 de
1753 2277 1964 2329 somnio
1988 2276 2307 2329 concubitus

319 2380 442 2414 cum
467 2362 663 2431 regina,
689 2380 788 2414 nec
815 2362 1081 2415 inficiatur
1115 2363 1180 2414 de
1210 2363 1434 2415 veritate
1469 2363 1705 2414 criminis
1742 2364 2003 2415 confessa.
2083 2362 2307 2415 Certum

320 2455 403 2500 est
448 2448 593 2516 quod
641 2447 785 2499 mille
825 2466 999 2500 vaccae
1043 2448 1312 2500 darentur.
1389 2449 1475 2500 De
1527 2449 1738 2501 somnio
1789 2449 1980 2500 damus
2025 2448 2310 2517 judicium,

318 2534 462 2602 quod
481 2533 695 2603 juvenis
721 2533 808 2585 hic
833 2534 978 2586 mille
1003 2552 1190 2586 vaccas
1214 2533 1271 2585 in
1297 2541 1592 2604 conspectu
1616 2535 1754 2604 regis
1782 2552 1944 2603 super
1967 2535 2140 2603 ripam
2163 2542 2306 2603 stag-

318 2618 374 2669 ni
418 2618 482 2669 de
526 2618 830 2670 Behthenio
867 2626 1066 2670 statuat
1100 2618 1158 2669 in
1196 2618 1400 2684 ordine,
1428 2619 1539 2671 sole
1578 2619 1810 2682 lucente,
1841 2627 1904 2670 ut
1945 2618 2054 2669 sint
2098 2619 2305 2671 umbrae

319 2704 640 2773 singularum
661 2704 718 2755 in
738 2723 890 2773 aqua,
908 2713 961 2757 et
988 2705 1097 2756 sint
1114 2704 1319 2757 umbrae
1338 2704 1495 2773 regiS,
1515 2723 1690 2768 vac-cae
1706 2721 1833 2756 vero
1854 2705 2006 2772 cujus
2027 2711 2169 2769 ante,
2186 2723 2310 2756 cum

318 2789 389 2840 sit
428 2789 697 2841 somnium
733 2789 972 2842 veritatis
1008 2789 1253 2841 umbra.''
1328 2788 1643 2858 Approbata
1683 2796 1766 2840 est
1803 2788 1869 2840 ab
1905 2789 2156 2841 omnibus
2188 2808 2309 2842 sen-

317 2875 484 2928 tentia
507 2875 623 2927 haec
648 2882 703 2927 et
727 2874 1028 2926 executioni
1052 2875 1321 2939 mandata,
1346 2875 1472 2927 licet
1497 2874 1814 2944 objurgante
1840 2875 2123 2936 Luelin0.†
2298 2864 2302 2867 i

370 3028 395 3054 '¹‘
423 3030 510 3068 The
528 3030 670 3069 Welsh
689 3031 786 3069 laws
805 3030 923 3068 make
941 3030 1012 3068 the
1031 3030 1112 3068 fine
1131 3029 1195 3068 for
1215 3041 1279 3068 se·
1336 3028 1475 3068 fences
1493 3041 1598 3068 were
1617 3032 1660 3068 to
1680 3029 1731 3068 be
1750 3029 1859 3080 paid.

319 3095 466 3147 ducing
484 3098 552 3136 the
570 3098 706 3148 king‘s
726 3098 816 3137 wife
840 3111 863 3136 a
880 3097 1067 3136 hundred
1087 3109 1193 3136 cows
1217 3097 1280 3135 for
1387 3097 1416 3143 †
1443 3097 1544 3136 This
1570 3101 1683 3148 story
1712 3098 1786 3136 has
1819 3098 1922 3137 been
1960 3099 2150 3149 repeated
2178 3099 2309 3138 under

320 3163 416 3200 each
436 3165 602 3205 cantref.
679 3166 797 3205 Cows
838 3176 942 3204 were
980 3165 1051 3203 the
1089 3177 1278 3203 common
1335 3165 1523 3203 different
1542 3165 1682 3213 forms,
1705 3166 1784 3204 and
1804 3166 1902 3204 with
1921 3166 2108 3206 different
2129 3167 2307 3218 applica·

321 3229 459 3269 article
493 3232 587 3270 with
615 3233 747 3273 which
777 3234 879 3273 fines
903 3233 966 3272 for
1000 3232 1186 3272 different
1215 3232 1278 3272 of·
1334 3232 1460 3280 tions‚
1480 3245 1535 3285 up
1554 3236 1598 3273 to
1618 3246 1694 3273 our
1711 3246 1801 3273 own
1816 3233 1928 3284 days.
