2638 3860
344 313 444 365 Cap.
465 313 560 364 iiij.]
962 315 1039 349 DE
1082 314 1265 350 NUGIs
1307 314 1680 351 cURIALmM.
2226 303 2326 349 133

318 453 523 523 aliquot
548 471 672 523 ergo
700 453 832 518 dies,
858 454 914 506 in
952 455 1143 509 habitu
1167 456 1419 526 pauperis
1465 455 1737 509 civitatem
1762 453 2080 524 ingreditur,
2106 460 2163 506 et
2187 453 2330 506 inter

322 539 571 590 sedentes
588 539 655 590 ad
676 538 1073 609 eleemosynam
1091 549 1380 593 annotatur
1405 559 1436 592 a
1463 559 1575 604 sua,
1593 558 1731 610 quae,
1748 547 1811 591 ut
1835 538 2000 591 finem
2027 537 2208 590 timori
2230 556 2330 590 suo

320 626 496 691 faciat,
523 644 646 678 eum
674 626 973 679 admirabili
999 628 1294 698 suspendio
1322 627 1544 697 dignum
1568 626 1818 697 judicans
1850 626 2030 691 tradit,
2067 625 2160 696 qui
2198 643 2332 678 voce

318 712 588 780 praeconia
613 712 886 764 civitatem
915 713 1167 778 concitat,
1200 712 1453 782 quatinus
1494 713 1767 764 Rasonem
1793 711 2014 764 videant
2050 710 2330 780 publicum

322 798 538 851 hostem
578 807 632 852 et
674 799 979 869 reipublicae
1022 818 1133 852 suae
1172 806 1382 869 pestem
1424 799 1624 850 ducant
1663 797 1729 850 ad
1771 796 2167 850 exterminium.
2244 797 2335 850 Fit

323 904 615 938 concursus
642 894 697 939 et
728 887 928 938 clamor
953 886 1143 956 populi
1163 906 1179 950 3
1225 892 1423 938 sonant
1446 884 1569 936 litui
1595 894 1650 937 et
1674 884 1839 937 tubae.
1912 884 2001 936 Ad
2027 885 2332 954 clangorem

322 970 485 1039 igitur
521 979 577 1023 et
613 971 907 1022 tumultum
936 970 1200 1023 excitatur
1237 969 1328 1039 qui
1355 967 1587 1021 excubat
1627 986 1797 1038 prope
1823 968 1965 1020 filius
2004 969 2254 1035 RasoniS,
2281 975 2336 1022 et

323 1076 483 1109 causa
508 1057 738 1127 cognita,
764 1075 925 1126 quam
951 1056 1120 1109 totius
1145 1055 1201 1106 in
1229 1055 1420 1108 silvam
1447 1073 1626 1108 secum
1655 1062 1859 1107 armata
1883 1056 2084 1108 familia
2108 1055 2333 1108 latibulo

322 1142 623 1210 proximam
674 1142 955 1194 conferens
997 1159 1122 1193 cum
1174 1139 1389 1192 silentio
1433 1139 1812 1208 praestolatur3
1877 1148 1933 1193 et
1981 1159 2103 1193 ecce
2153 1159 2333 1194 coram

323 1227 575 1279 omnibus
616 1227 867 1279 salvatrix
901 1226 1132 1279 civitatis
1178 1226 1397 1279 domina
1439 1225 1624 1278 multis
1666 1226 1935 1280 conducta
1971 1227 2244 1293 laudibuS,
2281 1234 2338 1279 et

323 1313 654 1365 admirabilis
695 1312 992 1383 disponens
1043 1320 1099 1365 et
1149 1313 1436 1364 moderans
1481 1311 1678 1364 omnia.
1757 1312 2021 1383 Inopinos
2076 1313 2240 1382 igitur
2283 1320 2338 1365 et

322 1399 555 1452 inermes
581 1399 847 1452 invadunt
870 1399 1071 1468 rapide,
1096 1398 1345 1468 filiusque
1373 1398 1603 1451 Rasonis
1630 1398 1997 1451 admirabilem
2023 1398 2136 1452 ictu
2160 1399 2337 1469 primo

325 1493 601 1537 mortuum
627 1485 827 1555 dejicit.
901 1486 1141 1537 Domina
1182 1503 1344 1554 super
1387 1485 1656 1554 optimum
1702 1502 1903 1554 equum
1947 1486 2128 1538 evadit
2152 1486 2335 1551 facile3

325 1573 389 1624 fit
413 1573 647 1625 maxima
672 1580 875 1642 strages
903 1573 1146 1642 equitum
1173 1580 1228 1624 et
1253 1572 1517 1642 peditum,
1536 1579 1591 1623 et
1617 1571 1785 1623 totius
1810 1572 2001 1642 populi
2021 1573 2134 1624 dira
2161 1572 2338 1642 direp-

326 1657 421 1710 tio,
480 1659 758 1711 Reductus
779 1659 847 1710 ad
863 1658 1079 1727 propria
1098 1659 1243 1709 Raso
1270 1657 1412 1709 inter
1437 1664 1614 1709 tantas
1635 1656 1850 1709 laetitias
1872 1666 2094 1710 maestus
2121 1658 2339 1723 residet,

324 1742 662 1811 vilipendens
678 1743 916 1811 praedam
927 1750 981 1794 et
998 1741 1187 1811 spolia,
1198 1741 1442 1811 captivos
1460 1749 1515 1794 et
1532 1749 1760 1794 mortem
1774 1743 2121 1808 admirabiliS,
2132 1744 2340 1796 desola-

324 1827 528 1879 tionem
546 1827 762 1892 civium,
775 1834 829 1879 et
847 1846 998 1878 suam
1020 1826 1371 1896 ereptionem,
1388 1834 1443 1878 et
1459 1825 1713 1896 quicquid
1734 1834 1914 1879 actum
1934 1835 2047 1894 est,
2087 1847 2210 1880 cum
2228 1847 2339 1880 non

324 1913 637 1966 redhibetur
655 1931 843 1983 equus,
863 1912 1000 1964 nihil
1018 1919 1249 1981 reputat.
1324 1913 1512 1964 Mutat
1536 1930 1662 1982 ergo
1682 1913 1895 1965 vultum
1922 1921 1976 1966 et
1999 1913 2246 1966 habitum
2270 1914 2341 1966 si·-

325 2000 513 2064 mulat,
535 1999 855 2063 dissimulat,
878 2017 989 2050 non
1010 2005 1162 2050 curat
1177 1997 1262 2049 cui
1279 1997 1468 2049 similis
1494 1996 1590 2049 fiat
1610 1997 1907 2051 dummodo
1926 1998 2028 2051 sibi
2046 1999 2340 2064 dissimilis,

327 2083 660 2153 compositus
688 2091 742 2135 et
770 2083 872 2134 sibi
907 2091 1170 2151 quantum
1195 2089 1379 2151 potest
1405 2082 1709 2152 oppositus,
1745 2083 1933 2136 eadem
1960 2084 2228 2136 evasionis
2255 2085 2341 2136 die

326 2167 653 2239 pauperibus
670 2167 870 2219 assidet
889 2180 944 2219 et
957 2167 1299 2219 introductus
1310 2187 1325 2231 3
1360 2174 1514 2219 cavet
1531 2163 1853 2220 ne'dominae
1870 2177 2112 2237 opponat
2132 2169 2340 2234 faciem,

332 2256 427 2308 sed
446 2262 699 2325 procurat
723 2262 786 2306 ut
810 2262 954 2307 retro
981 2253 1297 2323 praecelsum
1326 2253 1412 2304 cui
1437 2253 1556 2322 ipsa
1579 2253 1852 2306 insidebat
1872 2273 2152 2307 scamnum
2180 2256 2342 2308 dorso

331 2343 400 2393 ad
427 2342 649 2394 dorsum
678 2341 877 2393 sedeat.
953 2341 1207 2392 Precatur
1231 2339 1288 2390 in
1314 2339 1447 2391 hora
1467 2357 1632 2391 coenae
1659 2339 1750 2408 qui
1778 2340 2163 2409 coepulabatur
2187 2341 2342 2394 miles

331 2427 604 2483 dominam
651 2427 902 2497 quatinus
942 2444 1065 2479 cum
1103 2425 1223 2495 ipso
1267 2432 1535 2476 nocturno
1578 2432 1823 2494 tempore
1867 2426 1935 2477 ad
1970 2445 2093 2478 suas
2130 2428 2346 2479 recedat

331 2514 526 2584 quibus
561 2514 802 2566 abundat
828 2513 1090 2577 civitates,
1129 2512 1362 2580 allegans
1402 2511 1547 2581 quod
1585 2510 1652 2563 ab
1689 2511 1838 2563 omni
1873 2512 2066 2565 timore
2111 2514 2342 2565 Rasonis

327 2601 495 2653 libera
531 2600 707 2670 possit
742 2600 799 2652 in
839 2598 1042 2651 deliciis
1080 2606 1196 2650 tota
1229 2598 1459 2667 gaudere
1485 2596 1612 2650 vita.
1687 2598 1909 2650 Talibus
1936 2606 1991 2650 et
2016 2598 2131 2650 aliis
2157 2599 2343 2668 paucis

329 2688 508 2740 verbis
534 2687 832 2751 allubescit,
859 2693 1113 2755 orataque
1156 2684 1414 2737 novitatis
1453 2683 1680 2736 amatrix
1724 2685 1915 2736 mulier
1952 2685 2020 2737 ad
2059 2704 2155 2737 sua
2193 2685 2346 2739 facile

332 2773 593 2825 desideria
618 2773 848 2826 trahitur
863 2794 877 2838 3
917 2772 1049 2823 hora
1076 2770 1386 2841 designatur
1419 2776 1544 2821 ante
1578 2769 1850 2834 lucanum,
1875 2770 2026 2822 locus
2053 2778 2210 2839 porta
2235 2789 2346 2824 me-

330 2859 547 2911 ridialis.
625 2859 751 2911 Hiis
777 2877 902 2928 ergo
929 2857 1138 2911 cautius
1157 2858 1301 2909 Raso
1322 2856 1543 2920 notatiS,
1562 2856 1720 2908 laetus
1742 2856 2027 2925 egreditur,
2048 2856 2269 2909 festinat
2293 2865 2349 2910 et

332 2951 567 2995 armatus
594 2962 624 2995 a
649 2950 823 2995 castro
851 2961 949 2994 suo
986 2941 1288 3006 revertitur,
1327 2940 1381 2992 in
1409 2947 1627 2993 noctem
1654 2948 1708 2993 et
1733 2940 1789 2992 in
1815 2941 1905 2992 illa
1930 2941 2192 2993 meridiali
2226 2960 2348 3011 per-

332 3047 440 3081 nox
477 3026 724 3092 excubat,
753 3046 971 3080 securus
997 3028 1055 3079 in
1081 3027 1308 3079 militem
1345 3026 1546 3079 irruere
1574 3026 1619 3078 si
1642 3026 1867 3090 venerit,
1893 3035 1957 3079 ut
1991 3027 2173 3097 ipsum
2210 3028 2349 3081 inte-

332 3115 509 3180 rimat,
528 3114 615 3167 vel
642 3113 916 3166 dominam
958 3113 1059 3164 sub
1085 3112 1258 3181 ipsius
1286 3111 1551 3164 abducere
1575 3119 1709 3182 typo
1747 3112 1792 3164 si
1828 3113 2165 3182 praevenerit.
2241 3114 2350 3167 Sed

334 3221 453 3271 quae
478 3220 589 3253 non
617 3201 816 3253 dormit
838 3200 894 3251 in
922 3198 1199 3251 desideriis
1226 3198 1416 3250 mulier
1441 3199 1699 3268 anticipat
1722 3199 1930 3265 horam,
1955 3199 2146 3252 videns
2171 3200 2348 3253 virum

333 3294 599 3340 armatum
634 3287 928 3339 adductum
955 3284 1057 3337 sibi
1096 3283 1496 3354 optatissimum
1531 3303 1729 3355 equum
1765 3286 1923 3339 offert
1948 3286 2202 3356 quatinus
2245 3303 2349 3355 ope

334 3392 430 3425 sua
464 3374 791 3427 conscendat
830 3391 971 3425 eum.
1047 3370 1123 3422 At
1146 3370 1234 3422 ille
1255 3369 1370 3423 visa
1409 3388 1503 3438 spe
1543 3389 1638 3422 sua
1676 3389 1786 3422 non
1821 3370 2090 3423 immerito
2125 3371 2351 3439 impiger
