<?xml version="1.0" encoding="UTF-8"?>
<!DOCTYPE html PUBLIC "-//W3C//DTD XHTML 1.0 Transitional//EN"
    "http://www.w3.org/TR/xhtml1/DTD/xhtml1-transitional.dtd">
<html xmlns="http://www.w3.org/1999/xhtml" xml:lang="en" lang="en">
 <head>
  <title>
</title>
<meta http-equiv="Content-Type" content="text/html;charset=utf-8" />
  <meta name='ocr-system' content='tesseract 3.04.00' />
  <meta name='ocr-capabilities' content='ocr_page ocr_carea ocr_par ocr_line ocrx_word'/>
</head>
<body>
  <div class='ocr_page' id='page_1' title='image "./gualterimapes00camduoft/gualterimapes00camduoft_0245.png"; bbox 0 0 2638 3860; ppageno 0'>
   <div class='ocr_carea' id='block_1_1' title="bbox 348 331 2326 387">
    <p class='ocr_par' dir='ltr' id='par_1_1' title="bbox 348 331 2326 387">
     <span class='ocr_line' id='line_1_1' title="bbox 348 331 2326 387; baseline -0.002 -12"><span class='ocrx_word' id='word_1_1' title='bbox 348 335 449 387; x_wconf 79' lang='lat' dir='ltr'>Cap.</span> <span class='ocrx_word' id='word_1_2' title='bbox 472 335 551 386; x_wconf 79' lang='lat' dir='ltr'>vi.]</span> <span class='ocrx_word' id='word_1_3' title='bbox 978 337 1052 370; x_wconf 83' lang='lat' dir='ltr'>DE</span> <span class='ocrx_word' id='word_1_4' title='bbox 1095 336 1278 371; x_wconf 76' lang='lat' dir='ltr'>Nuols</span> <span class='ocrx_word' id='word_1_5' title='bbox 1321 337 1692 374; x_wconf 64' lang='lat' dir='ltr'>etiamnum.</span> <span class='ocrx_word' id='word_1_6' title='bbox 2227 331 2326 380; x_wconf 78' lang='lat'>225</span> 
     </span>
    </p>
   </div>
   <div class='ocr_carea' id='block_1_2' title="bbox 306 473 2329 3356">
    <p class='ocr_par' dir='ltr' id='par_1_2' title="bbox 306 473 2329 3356">
     <span class='ocr_line' id='line_1_2' title="bbox 316 473 2328 546; baseline 0.005 -21"><span class='ocrx_word' id='word_1_7' title='bbox 316 473 566 546; x_wconf 83' lang='lat' dir='ltr'>principii</span> <span class='ocrx_word' id='word_1_8' title='bbox 593 474 893 528; x_wconf 81' lang='lat' dir='ltr'>ascribebat</span> <span class='ocrx_word' id='word_1_9' title='bbox 918 475 1148 541; x_wconf 87' lang='lat' dir='ltr'>familiae,</span> <span class='ocrx_word' id='word_1_10' title='bbox 1176 485 1232 529; x_wconf 88' lang='lat' dir='ltr'>et</span> <span class='ocrx_word' id='word_1_11' title='bbox 1257 478 1342 530; x_wconf 89' lang='lat' dir='ltr'>cui</span> <span class='ocrx_word' id='word_1_12' title='bbox 1368 477 1547 530; x_wconf 91' lang='lat' dir='ltr'>minus</span> <span class='ocrx_word' id='word_1_13' title='bbox 1573 478 1851 531; x_wconf 80' lang='lat' dir='ltr'>annuatim</span> <span class='ocrx_word' id='word_1_14' title='bbox 1871 479 2098 533; x_wconf 87' lang='lat' dir='ltr'>dabatur</span> <span class='ocrx_word' id='word_1_15' title='bbox 2114 491 2328 535; x_wconf 88' lang='lat' dir='ltr'>centum</span> 
     </span>
     <span class='ocr_line' id='line_1_3' title="bbox 316 562 2329 637; baseline 0.004 -25"><span class='ocrx_word' id='word_1_16' title='bbox 316 579 412 629; x_wconf 90' lang='lat' dir='ltr'>per</span> <span class='ocrx_word' id='word_1_17' title='bbox 449 562 708 613; x_wconf 88' lang='lat' dir='ltr'>nuncium</span> <span class='ocrx_word' id='word_1_18' title='bbox 749 581 908 613; x_wconf 88' lang='lat' dir='ltr'>suurn</span> <span class='ocrx_word' id='word_1_19' title='bbox 946 562 1275 631; x_wconf 83' lang='lat' dir='ltr'>percipiebat</span> <span class='ocrx_word' id='word_1_20' title='bbox 1313 563 1533 628; x_wconf 81' lang='lat' dir='ltr'>solidos,</span> <span class='ocrx_word' id='word_1_21' title='bbox 1573 573 1628 616; x_wconf 87' lang='lat' dir='ltr'>et</span> <span class='ocrx_word' id='word_1_22' title='bbox 1679 566 2107 637; x_wconf 86' lang='lat' dir='ltr'>quandocunque</span> <span class='ocrx_word' id='word_1_23' title='bbox 2157 569 2329 621; x_wconf 87' lang='lat' dir='ltr'>conti—</span> 
     </span>
     <span class='ocr_line' id='line_1_4' title="bbox 315 645 2326 722; baseline 0.005 -25"><span class='ocrx_word' id='word_1_24' title='bbox 315 645 482 713; x_wconf 83' lang='lat' dir='ltr'>gisset</span> <span class='ocrx_word' id='word_1_25' title='bbox 521 647 586 699; x_wconf 91' lang='lat' dir='ltr'>ab</span> <span class='ocrx_word' id='word_1_26' title='bbox 614 648 734 716; x_wconf 86' lang='lat' dir='ltr'>ipso</span> <span class='ocrx_word' id='word_1_27' title='bbox 761 648 1019 712; x_wconf 87' lang='lat' dir='ltr'>mandari,</span> <span class='ocrx_word' id='word_1_28' title='bbox 1047 649 1375 718; x_wconf 90' lang='lat' dir='ltr'>suscipiebat</span> <span class='ocrx_word' id='word_1_29' title='bbox 1399 650 1455 701; x_wconf 92' lang='lat' dir='ltr'>in</span> <span class='ocrx_word' id='word_1_30' title='bbox 1482 651 1719 702; x_wconf 88' lang='lat' dir='ltr'>adventu</span> <span class='ocrx_word' id='word_1_31' title='bbox 1745 670 1843 703; x_wconf 92' lang='lat' dir='ltr'>suo</span> <span class='ocrx_word' id='word_1_32' title='bbox 1872 653 2095 722; x_wconf 88' lang='lat' dir='ltr'>singulis</span> <span class='ocrx_word' id='word_1_33' title='bbox 2138 654 2326 707; x_wconf 88' lang='lat' dir='ltr'>diebus</span> 
     </span>
     <span class='ocr_line' id='line_1_5' title="bbox 317 733 2328 803; baseline 0.006 -22"><span class='ocrx_word' id='word_1_34' title='bbox 317 749 347 781; x_wconf 91' lang='lat' dir='ltr'>a</span> <span class='ocrx_word' id='word_1_35' title='bbox 373 750 588 784; x_wconf 89' lang='lat' dir='ltr'>recessu</span> <span class='ocrx_word' id='word_1_36' title='bbox 614 733 919 785; x_wconf 79' lang='lat' dir='ltr'>residentiae</span> <span class='ocrx_word' id='word_1_37' title='bbox 959 752 1069 784; x_wconf 86' lang='lat' dir='ltr'>suae</span> <span class='ocrx_word' id='word_1_38' title='bbox 1109 733 1347 803; x_wconf 85' lang='lat' dir='ltr'>singulos</span> <span class='ocrx_word' id='word_1_39' title='bbox 1387 734 1606 786; x_wconf 76' lang='lat' dir='ltr'>solidos·</span> <span class='ocrx_word' id='word_1_40' title='bbox 1685 735 1808 787; x_wconf 93' lang='lat' dir='ltr'>Hoc</span> <span class='ocrx_word' id='word_1_41' title='bbox 1855 746 2034 789; x_wconf 87' lang='lat' dir='ltr'>autem</span> <span class='ocrx_word' id='word_1_42' title='bbox 2070 740 2232 792; x_wconf 90' lang='lat' dir='ltr'>modo</span> <span class='ocrx_word' id='word_1_43' title='bbox 2272 758 2328 793; x_wconf 89' lang='lat' dir='ltr'>se</span> 
     </span>
     <span class='ocr_line' id='line_1_6' title="bbox 315 817 2327 891; baseline 0.005 -24"><span class='ocrx_word' id='word_1_44' title='bbox 315 817 549 869; x_wconf 86' lang='lat' dir='ltr'>habebat</span> <span class='ocrx_word' id='word_1_45' title='bbox 584 818 641 869; x_wconf 91' lang='lat' dir='ltr'>in</span> <span class='ocrx_word' id='word_1_46' title='bbox 680 837 862 887; x_wconf 84' lang='lat' dir='ltr'>regnO.</span> <span class='ocrx_word' id='word_1_47' title='bbox 948 819 1262 871; x_wconf 87' lang='lat' dir='ltr'>Certissime</span> <span class='ocrx_word' id='word_1_48' title='bbox 1300 819 1618 889; x_wconf 89' lang='lat' dir='ltr'>providebat</span> <span class='ocrx_word' id='word_1_49' title='bbox 1655 829 1710 872; x_wconf 89' lang='lat' dir='ltr'>et</span> <span class='ocrx_word' id='word_1_50' title='bbox 1734 823 2076 891; x_wconf 85' lang='lat' dir='ltr'>pronunciari</span> <span class='ocrx_word' id='word_1_51' title='bbox 2101 825 2327 878; x_wconf 85' lang='lat' dir='ltr'>faciebat</span> 
     </span>
     <span class='ocr_line' id='line_1_7' title="bbox 316 903 2323 974; baseline 0.004 -20"><span class='ocrx_word' id='word_1_52' title='bbox 316 903 528 971; x_wconf 88' lang='lat' dir='ltr'>publice</span> <span class='ocrx_word' id='word_1_53' title='bbox 576 905 688 956; x_wconf 89' lang='lat' dir='ltr'>dies</span> <span class='ocrx_word' id='word_1_54' title='bbox 732 905 939 956; x_wconf 90' lang='lat' dir='ltr'>itineris</span> <span class='ocrx_word' id='word_1_55' title='bbox 981 913 1036 957; x_wconf 89' lang='lat' dir='ltr'>et</span> <span class='ocrx_word' id='word_1_56' title='bbox 1071 906 1569 974; x_wconf 89' lang='lat' dir='ltr'>perhendinationis</span> <span class='ocrx_word' id='word_1_57' title='bbox 1611 925 1739 971; x_wconf 81' lang='lat' dir='ltr'>suae,</span> <span class='ocrx_word' id='word_1_58' title='bbox 1790 927 2075 961; x_wconf 91' lang='lat' dir='ltr'>numerum</span> <span class='ocrx_word' id='word_1_59' title='bbox 2116 911 2323 963; x_wconf 89' lang='lat' dir='ltr'>dierum</span> 
     </span>
     <span class='ocr_line' id='line_1_8' title="bbox 315 991 2322 1062; baseline 0.004 -21"><span class='ocrx_word' id='word_1_60' title='bbox 315 998 370 1042; x_wconf 91' lang='lat' dir='ltr'>et</span> <span class='ocrx_word' id='word_1_61' title='bbox 424 991 648 1042; x_wconf 90' lang='lat' dir='ltr'>nomina</span> <span class='ocrx_word' id='word_1_62' title='bbox 703 992 966 1056; x_wconf 91' lang='lat' dir='ltr'>villarum,</span> <span class='ocrx_word' id='word_1_63' title='bbox 1004 999 1067 1043; x_wconf 93' lang='lat' dir='ltr'>ut</span> <span class='ocrx_word' id='word_1_64' title='bbox 1102 999 1291 1060; x_wconf 92' lang='lat' dir='ltr'>posset</span> <span class='ocrx_word' id='word_1_65' title='bbox 1330 993 1462 1044; x_wconf 88' lang='lat' dir='ltr'>scire</span> <span class='ocrx_word' id='word_1_66' title='bbox 1501 993 1676 1062; x_wconf 90' lang='lat' dir='ltr'>quivis</span> <span class='ocrx_word' id='word_1_67' title='bbox 1715 1011 1891 1047; x_wconf 89' lang='lat' dir='ltr'>errore</span> <span class='ocrx_word' id='word_1_68' title='bbox 1937 1004 2144 1049; x_wconf 88' lang='lat' dir='ltr'>semoto</span> <span class='ocrx_word' id='word_1_69' title='bbox 2195 998 2322 1050; x_wconf 84' lang='lat' dir='ltr'>vitae</span> 
     </span>
     <span class='ocr_line' id='line_1_9' title="bbox 316 1076 2326 1149; baseline 0.005 -23"><span class='ocrx_word' id='word_1_70' title='bbox 316 1093 427 1127; x_wconf 85' lang='lat' dir='ltr'>suae</span> <span class='ocrx_word' id='word_1_71' title='bbox 455 1084 657 1127; x_wconf 89' lang='lat' dir='ltr'>statum</span> <span class='ocrx_word' id='word_1_72' title='bbox 700 1095 796 1146; x_wconf 90' lang='lat' dir='ltr'>per</span> <span class='ocrx_word' id='word_1_73' title='bbox 833 1095 1095 1129; x_wconf 89' lang='lat' dir='ltr'>mensem.</span> <span class='ocrx_word' id='word_1_74' title='bbox 1171 1076 1325 1128; x_wconf 91' lang='lat' dir='ltr'>Nihil</span> <span class='ocrx_word' id='word_1_75' title='bbox 1367 1077 1692 1145; x_wconf 88' lang='lat' dir='ltr'>improvisus</span> <span class='ocrx_word' id='word_1_76' title='bbox 1731 1086 1826 1130; x_wconf 93' lang='lat' dir='ltr'>aut</span> <span class='ocrx_word' id='word_1_77' title='bbox 1861 1079 2195 1149; x_wconf 89' lang='lat' dir='ltr'>improvidus</span> <span class='ocrx_word' id='word_1_78' title='bbox 2233 1092 2326 1136; x_wconf 92' lang='lat' dir='ltr'>aut</span> 
     </span>
     <span class='ocr_line' id='line_1_10' title="bbox 313 1160 2324 1231; baseline 0.004 -21"><span class='ocrx_word' id='word_1_79' title='bbox 313 1167 663 1228; x_wconf 86' lang='lat' dir='ltr'>properanter</span> <span class='ocrx_word' id='word_1_80' title='bbox 698 1161 906 1230; x_wconf 89' lang='lat' dir='ltr'>agebat.</span> <span class='ocrx_word' id='word_1_81' title='bbox 979 1161 1179 1212; x_wconf 88' lang='lat' dir='ltr'>Anima</span> <span class='ocrx_word' id='word_1_82' title='bbox 1215 1160 1375 1229; x_wconf 87' lang='lat' dir='ltr'>regali</span> <span class='ocrx_word' id='word_1_83' title='bbox 1414 1179 1564 1213; x_wconf 90' lang='lat' dir='ltr'>more</span> <span class='ocrx_word' id='word_1_84' title='bbox 1603 1162 1917 1231; x_wconf 89' lang='lat' dir='ltr'>decentique</span> <span class='ocrx_word' id='word_1_85' title='bbox 1961 1166 2324 1220; x_wconf 85' lang='lat' dir='ltr'>moderamine</span> 
     </span>
     <span class='ocr_line' id='line_1_11' title="bbox 312 1245 2323 1319; baseline 0.004 -24"><span class='ocrx_word' id='word_1_86' title='bbox 312 1245 557 1309; x_wconf 85' lang='lat' dir='ltr'>faciebat,</span> <span class='ocrx_word' id='word_1_87' title='bbox 597 1247 742 1298; x_wconf 92' lang='lat' dir='ltr'>unde</span> <span class='ocrx_word' id='word_1_88' title='bbox 780 1266 811 1298; x_wconf 90' lang='lat' dir='ltr'>a</span> <span class='ocrx_word' id='word_1_89' title='bbox 848 1247 1219 1298; x_wconf 88' lang='lat' dir='ltr'>transmarinis</span> <span class='ocrx_word' id='word_1_90' title='bbox 1275 1247 1343 1297; x_wconf 91' lang='lat' dir='ltr'>ad</span> <span class='ocrx_word' id='word_1_91' title='bbox 1393 1246 1594 1298; x_wconf 90' lang='lat' dir='ltr'>curiam</span> <span class='ocrx_word' id='word_1_92' title='bbox 1646 1266 1799 1298; x_wconf 91' lang='lat' dir='ltr'>suam</span> <span class='ocrx_word' id='word_1_93' title='bbox 1855 1250 2242 1319; x_wconf 89' lang='lat' dir='ltr'>properabatur</span> <span class='ocrx_word' id='word_1_94' title='bbox 2292 1271 2323 1304; x_wconf 86' lang='lat' dir='ltr'>a</span> 
     </span>
     <span class='ocr_line' id='line_1_12' title="bbox 313 1331 2324 1397; baseline 0.004 -15"><span class='ocrx_word' id='word_1_95' title='bbox 313 1331 699 1383; x_wconf 88' lang='lat' dir='ltr'>mercatoribus</span> <span class='ocrx_word' id='word_1_96' title='bbox 740 1351 863 1384; x_wconf 88' lang='lat' dir='ltr'>cum</span> <span class='ocrx_word' id='word_1_97' title='bbox 904 1333 1175 1384; x_wconf 90' lang='lat' dir='ltr'>mercibus</span> <span class='ocrx_word' id='word_1_98' title='bbox 1214 1339 1269 1384; x_wconf 90' lang='lat' dir='ltr'>et</span> <span class='ocrx_word' id='word_1_99' title='bbox 1307 1332 1511 1384; x_wconf 89' lang='lat' dir='ltr'>deliciis</span> <span class='ocrx_word' id='word_1_100' title='bbox 1548 1333 1848 1397; x_wconf 85' lang='lat' dir='ltr'>venalibuS,</span> <span class='ocrx_word' id='word_1_101' title='bbox 1875 1341 1930 1386; x_wconf 93' lang='lat' dir='ltr'>et</span> <span class='ocrx_word' id='word_1_102' title='bbox 1971 1335 2216 1389; x_wconf 89' lang='lat' dir='ltr'>similiter</span> <span class='ocrx_word' id='word_1_103' title='bbox 2257 1337 2324 1390; x_wconf 89' lang='lat' dir='ltr'>ab</span> 
     </span>
     <span class='ocr_line' id='line_1_13' title="bbox 311 1417 2318 1487; baseline 0.003 -19"><span class='ocrx_word' id='word_1_104' title='bbox 311 1417 563 1469; x_wconf 88' lang='lat' dir='ltr'>omnibus</span> <span class='ocrx_word' id='word_1_105' title='bbox 609 1418 817 1486; x_wconf 79' lang='lat' dir='ltr'>Angliae</span> <span class='ocrx_word' id='word_1_106' title='bbox 852 1418 1113 1487; x_wconf 82' lang='lat' dir='ltr'>partibuS,</span> <span class='ocrx_word' id='word_1_107' title='bbox 1157 1426 1221 1470; x_wconf 92' lang='lat' dir='ltr'>ut</span> <span class='ocrx_word' id='word_1_108' title='bbox 1260 1437 1370 1470; x_wconf 90' lang='lat' dir='ltr'>non</span> <span class='ocrx_word' id='word_1_109' title='bbox 1417 1425 1601 1470; x_wconf 88' lang='lat' dir='ltr'>essent</span> <span class='ocrx_word' id='word_1_110' title='bbox 1639 1419 1769 1470; x_wconf 87' lang='lat' dir='ltr'>alias</span> <span class='ocrx_word' id='word_1_111' title='bbox 1805 1421 2062 1474; x_wconf 85' lang='lat' dir='ltr'>nundinae</span> <span class='ocrx_word' id='word_1_112' title='bbox 2118 1423 2318 1476; x_wconf 88' lang='lat' dir='ltr'>fertiles</span> 
     </span>
     <span class='ocr_line' id='line_1_14' title="bbox 311 1503 2322 1574; baseline 0.003 -20"><span class='ocrx_word' id='word_1_113' title='bbox 311 1521 471 1571; x_wconf 90' lang='lat' dir='ltr'>quam</span> <span class='ocrx_word' id='word_1_114' title='bbox 511 1503 648 1555; x_wconf 87' lang='lat' dir='ltr'>circa</span> <span class='ocrx_word' id='word_1_115' title='bbox 684 1504 863 1573; x_wconf 87' lang='lat' dir='ltr'>ipsum</span> <span class='ocrx_word' id='word_1_116' title='bbox 914 1522 1252 1574; x_wconf 90' lang='lat' dir='ltr'>quocumque</span> <span class='ocrx_word' id='word_1_117' title='bbox 1302 1504 1617 1556; x_wconf 84' lang='lat' dir='ltr'>divertebat.</span> <span class='ocrx_word' id='word_1_118' title='bbox 1693 1505 1826 1556; x_wconf 88' lang='lat' dir='ltr'>Erat</span> <span class='ocrx_word' id='word_1_119' title='bbox 1875 1514 2054 1559; x_wconf 89' lang='lat' dir='ltr'>autem</span> <span class='ocrx_word' id='word_1_120' title='bbox 2112 1527 2322 1560; x_wconf 90' lang='lat' dir='ltr'>summa</span> 
     </span>
     <span class='ocr_line' id='line_1_15' title="bbox 310 1587 2316 1662; baseline 0.002 -24"><span class='ocrx_word' id='word_1_121' title='bbox 310 1587 477 1655; x_wconf 87' lang='lat' dir='ltr'>gloria</span> <span class='ocrx_word' id='word_1_122' title='bbox 515 1589 630 1656; x_wconf 88' lang='lat' dir='ltr'>ejus</span> <span class='ocrx_word' id='word_1_123' title='bbox 669 1588 725 1639; x_wconf 91' lang='lat' dir='ltr'>in</span> <span class='ocrx_word' id='word_1_124' title='bbox 765 1588 1140 1641; x_wconf 90' lang='lat' dir='ltr'>observatione</span> <span class='ocrx_word' id='word_1_125' title='bbox 1189 1588 1335 1658; x_wconf 88' lang='lat' dir='ltr'>pacis</span> <span class='ocrx_word' id='word_1_126' title='bbox 1388 1597 1443 1640; x_wconf 91' lang='lat' dir='ltr'>et</span> <span class='ocrx_word' id='word_1_127' title='bbox 1491 1589 1547 1640; x_wconf 91' lang='lat' dir='ltr'>in</span> <span class='ocrx_word' id='word_1_128' title='bbox 1604 1589 1945 1642; x_wconf 90' lang='lat' dir='ltr'>subditorum</span> <span class='ocrx_word' id='word_1_129' title='bbox 1996 1591 2100 1643; x_wconf 91' lang='lat' dir='ltr'>sibi</span> <span class='ocrx_word' id='word_1_130' title='bbox 2149 1593 2316 1662; x_wconf 89' lang='lat' dir='ltr'>copia.</span> 
     </span>
     <span class='ocr_line' id='line_1_16' title="bbox 311 1673 2319 1744; baseline 0.003 -20"><span class='ocrx_word' id='word_1_131' title='bbox 311 1673 602 1725; x_wconf 87' lang='lat' dir='ltr'>Neminem</span> <span class='ocrx_word' id='word_1_132' title='bbox 639 1674 855 1726; x_wconf 93' lang='lat' dir='ltr'>volebat</span> <span class='ocrx_word' id='word_1_133' title='bbox 892 1693 1044 1744; x_wconf 85' lang='lat' dir='ltr'>egere</span> <span class='ocrx_word' id='word_1_134' title='bbox 1075 1675 1289 1744; x_wconf 86' lang='lat' dir='ltr'>justitia</span> <span class='ocrx_word' id='word_1_135' title='bbox 1313 1675 1399 1727; x_wconf 91' lang='lat' dir='ltr'>vel</span> <span class='ocrx_word' id='word_1_136' title='bbox 1423 1693 1577 1743; x_wconf 88' lang='lat' dir='ltr'>pace.</span> <span class='ocrx_word' id='word_1_137' title='bbox 1651 1675 2021 1728; x_wconf 86' lang='lat' dir='ltr'>Constituerat</span> <span class='ocrx_word' id='word_1_138' title='bbox 2046 1686 2226 1731; x_wconf 88' lang='lat' dir='ltr'>autem</span> <span class='ocrx_word' id='word_1_139' title='bbox 2252 1679 2319 1731; x_wconf 91' lang='lat' dir='ltr'>ad</span> 
     </span>
     <span class='ocr_line' id='line_1_17' title="bbox 310 1759 2322 1833; baseline 0.003 -24"><span class='ocrx_word' id='word_1_140' title='bbox 310 1759 751 1828; x_wconf 82' lang='lat' dir='ltr'>tranquillitatem</span> <span class='ocrx_word' id='word_1_141' title='bbox 792 1760 1054 1822; x_wconf 90' lang='lat' dir='ltr'>omnium,</span> <span class='ocrx_word' id='word_1_142' title='bbox 1080 1768 1143 1812; x_wconf 89' lang='lat' dir='ltr'>ut</span> <span class='ocrx_word' id='word_1_143' title='bbox 1169 1760 1357 1811; x_wconf 88' lang='lat' dir='ltr'>diebus</span> <span class='ocrx_word' id='word_1_144' title='bbox 1394 1760 1687 1812; x_wconf 90' lang='lat' dir='ltr'>vacationis</span> <span class='ocrx_word' id='word_1_145' title='bbox 1714 1761 1799 1813; x_wconf 93' lang='lat' dir='ltr'>vel</span> <span class='ocrx_word' id='word_1_146' title='bbox 1834 1761 1889 1813; x_wconf 91' lang='lat' dir='ltr'>in</span> <span class='ocrx_word' id='word_1_147' title='bbox 1930 1763 2091 1815; x_wconf 91' lang='lat' dir='ltr'>domo</span> <span class='ocrx_word' id='word_1_148' title='bbox 2131 1782 2322 1833; x_wconf 87' lang='lat' dir='ltr'>magna</span> 
     </span>
     <span class='ocr_line' id='line_1_18' title="bbox 310 1844 2321 1916; baseline 0.003 -22"><span class='ocrx_word' id='word_1_149' title='bbox 310 1844 396 1895; x_wconf 93' lang='lat' dir='ltr'>vel</span> <span class='ocrx_word' id='word_1_150' title='bbox 435 1844 535 1895; x_wconf 92' lang='lat' dir='ltr'>sub</span> <span class='ocrx_word' id='word_1_151' title='bbox 576 1845 700 1897; x_wconf 90' lang='lat' dir='ltr'>divo</span> <span class='ocrx_word' id='word_1_152' title='bbox 740 1845 950 1914; x_wconf 89' lang='lat' dir='ltr'>copiam</span> <span class='ocrx_word' id='word_1_153' title='bbox 990 1846 1072 1897; x_wconf 93' lang='lat' dir='ltr'>sui</span> <span class='ocrx_word' id='word_1_154' title='bbox 1109 1847 1307 1898; x_wconf 89' lang='lat' dir='ltr'>faceret</span> <span class='ocrx_word' id='word_1_155' title='bbox 1339 1864 1510 1916; x_wconf 90' lang='lat' dir='ltr'>usque</span> <span class='ocrx_word' id='word_1_156' title='bbox 1548 1846 1616 1897; x_wconf 93' lang='lat' dir='ltr'>ad</span> <span class='ocrx_word' id='word_1_157' title='bbox 1652 1847 1839 1898; x_wconf 86' lang='lat' dir='ltr'>horam</span> <span class='ocrx_word' id='word_1_158' title='bbox 1885 1856 2111 1913; x_wconf 85' lang='lat' dir='ltr'>sextam,</span> <span class='ocrx_word' id='word_1_159' title='bbox 2139 1867 2321 1901; x_wconf 89' lang='lat' dir='ltr'>secum</span> 
     </span>
     <span class='ocr_line' id='line_1_19' title="bbox 310 1928 2321 1998; baseline 0.003 -19"><span class='ocrx_word' id='word_1_160' title='bbox 310 1928 515 1980; x_wconf 92' lang='lat' dir='ltr'>habens</span> <span class='ocrx_word' id='word_1_161' title='bbox 555 1929 799 1993; x_wconf 82' lang='lat' dir='ltr'>comiteS,</span> <span class='ocrx_word' id='word_1_162' title='bbox 828 1929 1074 1995; x_wconf 83' lang='lat' dir='ltr'>baroneS,</span> <span class='ocrx_word' id='word_1_163' title='bbox 1113 1938 1169 1981; x_wconf 92' lang='lat' dir='ltr'>et</span> <span class='ocrx_word' id='word_1_164' title='bbox 1204 1948 1452 1998; x_wconf 91' lang='lat' dir='ltr'>proceres</span> <span class='ocrx_word' id='word_1_165' title='bbox 1471 1948 1802 1983; x_wconf 87' lang='lat' dir='ltr'>vavassores.</span> <span class='ocrx_word' id='word_1_166' title='bbox 1863 1932 2103 1985; x_wconf 87' lang='lat' dir='ltr'>Juvenes</span> <span class='ocrx_word' id='word_1_167' title='bbox 2141 1941 2321 1985; x_wconf 89' lang='lat' dir='ltr'>autem</span> 
     </span>
     <span class='ocr_line' id='line_1_20' title="bbox 309 2012 2321 2086; baseline 0.004 -24"><span class='ocrx_word' id='word_1_168' title='bbox 309 2012 524 2064; x_wconf 83' lang='lat' dir='ltr'>familiae</span> <span class='ocrx_word' id='word_1_169' title='bbox 564 2031 673 2064; x_wconf 85' lang='lat' dir='ltr'>suae</span> <span class='ocrx_word' id='word_1_170' title='bbox 711 2032 821 2065; x_wconf 91' lang='lat' dir='ltr'>non</span> <span class='ocrx_word' id='word_1_171' title='bbox 861 2014 1082 2066; x_wconf 89' lang='lat' dir='ltr'>aderant</span> <span class='ocrx_word' id='word_1_172' title='bbox 1119 2015 1167 2066; x_wconf 90' lang='lat' dir='ltr'>ei</span> <span class='ocrx_word' id='word_1_173' title='bbox 1205 2022 1329 2066; x_wconf 89' lang='lat' dir='ltr'>ante</span> <span class='ocrx_word' id='word_1_174' title='bbox 1366 2014 1670 2084; x_wconf 90' lang='lat' dir='ltr'>prandium,</span> <span class='ocrx_word' id='word_1_175' title='bbox 1707 2033 1806 2067; x_wconf 90' lang='lat' dir='ltr'>nec</span> <span class='ocrx_word' id='word_1_176' title='bbox 1844 2034 1998 2068; x_wconf 89' lang='lat' dir='ltr'>senes</span> <span class='ocrx_word' id='word_1_177' title='bbox 2031 2025 2174 2086; x_wconf 91' lang='lat' dir='ltr'>post,</span> <span class='ocrx_word' id='word_1_178' title='bbox 2217 2018 2321 2071; x_wconf 90' lang='lat' dir='ltr'>nisi</span> 
     </span>
     <span class='ocr_line' id='line_1_21' title="bbox 310 2097 2318 2168; baseline 0.003 -21"><span class='ocrx_word' id='word_1_179' title='bbox 310 2097 400 2165; x_wconf 90' lang='lat' dir='ltr'>qui</span> <span class='ocrx_word' id='word_1_180' title='bbox 439 2115 509 2148; x_wconf 84' lang='lat' dir='ltr'>ex</span> <span class='ocrx_word' id='word_1_181' title='bbox 547 2098 826 2149; x_wconf 86' lang='lat' dir='ltr'>voluntate</span> <span class='ocrx_word' id='word_1_182' title='bbox 867 2117 962 2149; x_wconf 90' lang='lat' dir='ltr'>sua</span> <span class='ocrx_word' id='word_1_183' title='bbox 1002 2117 1058 2150; x_wconf 90' lang='lat' dir='ltr'>se</span> <span class='ocrx_word' id='word_1_184' title='bbox 1109 2098 1424 2168; x_wconf 87' lang='lat' dir='ltr'>ingerebant</span> <span class='ocrx_word' id='word_1_185' title='bbox 1478 2106 1542 2150; x_wconf 93' lang='lat' dir='ltr'>ut</span> <span class='ocrx_word' id='word_1_186' title='bbox 1591 2099 1859 2151; x_wconf 88' lang='lat' dir='ltr'>discerent</span> <span class='ocrx_word' id='word_1_187' title='bbox 1907 2108 2000 2152; x_wconf 88' lang='lat' dir='ltr'>aut</span> <span class='ocrx_word' id='word_1_188' title='bbox 2050 2102 2318 2154; x_wconf 86' lang='lat' dir='ltr'>docerent.</span> 
     </span>
     <span class='ocr_line' id='line_1_22' title="bbox 311 2181 2320 2251; baseline 0.003 -20"><span class='ocrx_word' id='word_1_189' title='bbox 311 2181 434 2232; x_wconf 91' lang='lat' dir='ltr'>Hoc</span> <span class='ocrx_word' id='word_1_190' title='bbox 454 2189 632 2232; x_wconf 88' lang='lat' dir='ltr'>autem</span> <span class='ocrx_word' id='word_1_191' title='bbox 655 2182 817 2232; x_wconf 90' lang='lat' dir='ltr'>modo</span> <span class='ocrx_word' id='word_1_192' title='bbox 844 2182 1191 2234; x_wconf 85' lang='lat' dir='ltr'>continentiae</span> <span class='ocrx_word' id='word_1_193' title='bbox 1218 2200 1314 2251; x_wconf 90' lang='lat' dir='ltr'>per</span> <span class='ocrx_word' id='word_1_194' title='bbox 1340 2182 1526 2234; x_wconf 90' lang='lat' dir='ltr'>orbem</span> <span class='ocrx_word' id='word_1_195' title='bbox 1552 2183 1754 2247; x_wconf 90' lang='lat' dir='ltr'>audit0,</span> <span class='ocrx_word' id='word_1_196' title='bbox 1775 2183 1914 2235; x_wconf 90' lang='lat' dir='ltr'>sicut</span> <span class='ocrx_word' id='word_1_197' title='bbox 1939 2185 2055 2236; x_wconf 83' lang='lat' dir='ltr'>aliae</span> <span class='ocrx_word' id='word_1_198' title='bbox 2081 2186 2320 2238; x_wconf 90' lang='lat' dir='ltr'>vitantur</span> 
     </span>
     <span class='ocr_line' id='line_1_23' title="bbox 310 2265 2318 2337; baseline 0.002 -19"><span class='ocrx_word' id='word_1_199' title='bbox 310 2267 485 2331; x_wconf 84' lang='lat' dir='ltr'>curiae,</span> <span class='ocrx_word' id='word_1_200' title='bbox 511 2267 586 2317; x_wconf 92' lang='lat' dir='ltr'>sic</span> <span class='ocrx_word' id='word_1_201' title='bbox 624 2265 980 2335; x_wconf 89' lang='lat' dir='ltr'>appetebatur</span> <span class='ocrx_word' id='word_1_202' title='bbox 1015 2267 1136 2330; x_wconf 87' lang='lat' dir='ltr'>ista,</span> <span class='ocrx_word' id='word_1_203' title='bbox 1175 2275 1231 2319; x_wconf 87' lang='lat' dir='ltr'>et</span> <span class='ocrx_word' id='word_1_204' title='bbox 1268 2268 1406 2319; x_wconf 88' lang='lat' dir='ltr'>facta</span> <span class='ocrx_word' id='word_1_205' title='bbox 1433 2267 1656 2319; x_wconf 87' lang='lat' dir='ltr'>celebris</span> <span class='ocrx_word' id='word_1_206' title='bbox 1683 2275 1738 2319; x_wconf 91' lang='lat' dir='ltr'>et</span> <span class='ocrx_word' id='word_1_207' title='bbox 1762 2268 2114 2337; x_wconf 88' lang='lat' dir='ltr'>frequentata.</span> <span class='ocrx_word' id='word_1_208' title='bbox 2191 2271 2318 2323; x_wconf 90' lang='lat' dir='ltr'>Fre-</span> 
     </span>
     <span class='ocr_line' id='line_1_24' title="bbox 308 2353 2314 2422; baseline 0.002 -19"><span class='ocrx_word' id='word_1_209' title='bbox 308 2353 577 2404; x_wconf 88' lang='lat' dir='ltr'>nabantur</span> <span class='ocrx_word' id='word_1_210' title='bbox 624 2353 838 2422; x_wconf 86' lang='lat' dir='ltr'>tyranni</span> <span class='ocrx_word' id='word_1_211' title='bbox 888 2353 974 2404; x_wconf 91' lang='lat' dir='ltr'>vel</span> <span class='ocrx_word' id='word_1_212' title='bbox 1024 2353 1229 2404; x_wconf 90' lang='lat' dir='ltr'>domini</span> <span class='ocrx_word' id='word_1_213' title='bbox 1277 2353 1364 2404; x_wconf 91' lang='lat' dir='ltr'>vel</span> <span class='ocrx_word' id='word_1_214' title='bbox 1415 2353 1664 2416; x_wconf 90' lang='lat' dir='ltr'>ministri,</span> <span class='ocrx_word' id='word_1_215' title='bbox 1714 2354 2089 2406; x_wconf 87' lang='lat' dir='ltr'>continebatur</span> <span class='ocrx_word' id='word_1_216' title='bbox 2138 2356 2314 2408; x_wconf 88' lang='lat' dir='ltr'>omnis</span> 
     </span>
     <span class='ocr_line' id='line_1_25' title="bbox 311 2437 2314 2510; baseline 0.002 -21"><span class='ocrx_word' id='word_1_217' title='bbox 311 2438 548 2502; x_wconf 88' lang='lat' dir='ltr'>avaritia,</span> <span class='ocrx_word' id='word_1_218' title='bbox 588 2457 708 2507; x_wconf 84' lang='lat' dir='ltr'>quae</span> <span class='ocrx_word' id='word_1_219' title='bbox 746 2446 878 2490; x_wconf 88' lang='lat' dir='ltr'>tunc</span> <span class='ocrx_word' id='word_1_220' title='bbox 916 2439 1091 2490; x_wconf 91' lang='lat' dir='ltr'>adhuc</span> <span class='ocrx_word' id='word_1_221' title='bbox 1130 2446 1243 2490; x_wconf 82' lang='lat' dir='ltr'>erat</span> <span class='ocrx_word' id='word_1_222' title='bbox 1279 2437 1490 2502; x_wconf 86' lang='lat' dir='ltr'>vitium,</span> <span class='ocrx_word' id='word_1_223' title='bbox 1529 2457 1676 2491; x_wconf 91' lang='lat' dir='ltr'>nunc</span> <span class='ocrx_word' id='word_1_224' title='bbox 1713 2439 1959 2491; x_wconf 89' lang='lat' dir='ltr'>alborum</span> <span class='ocrx_word' id='word_1_225' title='bbox 2010 2449 2096 2492; x_wconf 88' lang='lat' dir='ltr'>est</span> <span class='ocrx_word' id='word_1_226' title='bbox 2132 2443 2314 2510; x_wconf 87' lang='lat' dir='ltr'>regula</span> 
     </span>
     <span class='ocr_line' id='line_1_26' title="bbox 308 2522 2314 2592; baseline 0.001 -16"><span class='ocrx_word' id='word_1_227' title='bbox 308 2525 712 2576; x_wconf 87' lang='lat' dir='ltr'>monachorum.</span> <span class='ocrx_word' id='word_1_228' title='bbox 789 2525 967 2575; x_wconf 89' lang='lat' dir='ltr'>Nemo</span> <span class='ocrx_word' id='word_1_229' title='bbox 1013 2523 1202 2576; x_wconf 90' lang='lat' dir='ltr'>diebus</span> <span class='ocrx_word' id='word_1_230' title='bbox 1240 2523 1345 2574; x_wconf 87' lang='lat' dir='ltr'>illis</span> <span class='ocrx_word' id='word_1_231' title='bbox 1383 2541 1588 2592; x_wconf 89' lang='lat' dir='ltr'>pauper</span> <span class='ocrx_word' id='word_1_232' title='bbox 1624 2522 1729 2574; x_wconf 90' lang='lat' dir='ltr'>nisi</span> <span class='ocrx_word' id='word_1_233' title='bbox 1767 2525 1966 2576; x_wconf 78' lang='lat' dir='ltr'>fatuus,</span> <span class='ocrx_word' id='word_1_234' title='bbox 2044 2524 2214 2576; x_wconf 89' lang='lat' dir='ltr'>Cibus</span> <span class='ocrx_word' id='word_1_235' title='bbox 2259 2535 2314 2578; x_wconf 89' lang='lat' dir='ltr'>et</span> 
     </span>
     <span class='ocr_line' id='line_1_27' title="bbox 306 2608 2312 2680; baseline 0.001 -18"><span class='ocrx_word' id='word_1_236' title='bbox 306 2619 470 2680; x_wconf 91' lang='lat' dir='ltr'>potus</span> <span class='ocrx_word' id='word_1_237' title='bbox 522 2610 731 2661; x_wconf 90' lang='lat' dir='ltr'>avidius</span> <span class='ocrx_word' id='word_1_238' title='bbox 787 2609 1053 2661; x_wconf 90' lang='lat' dir='ltr'>dabantur</span> <span class='ocrx_word' id='word_1_239' title='bbox 1105 2628 1264 2678; x_wconf 89' lang='lat' dir='ltr'>quam</span> <span class='ocrx_word' id='word_1_240' title='bbox 1320 2608 1685 2660; x_wconf 89' lang='lat' dir='ltr'>sumebantur.</span> <span class='ocrx_word' id='word_1_241' title='bbox 1763 2609 2079 2679; x_wconf 87' lang='lat' dir='ltr'>Cuicunque</span> <span class='ocrx_word' id='word_1_242' title='bbox 2116 2629 2312 2680; x_wconf 89' lang='lat' dir='ltr'>propo·</span> 
     </span>
     <span class='ocr_line' id='line_1_28' title="bbox 309 2693 2313 2763; baseline -0 -15"><span class='ocrx_word' id='word_1_243' title='bbox 309 2697 472 2749; x_wconf 87' lang='lat' dir='ltr'>situm</span> <span class='ocrx_word' id='word_1_244' title='bbox 513 2704 626 2747; x_wconf 90' lang='lat' dir='ltr'>erat</span> <span class='ocrx_word' id='word_1_245' title='bbox 669 2714 736 2747; x_wconf 84' lang='lat' dir='ltr'>ex</span> <span class='ocrx_word' id='word_1_246' title='bbox 774 2695 947 2746; x_wconf 91' lang='lat' dir='ltr'>alieno</span> <span class='ocrx_word' id='word_1_247' title='bbox 985 2694 1183 2759; x_wconf 85' lang='lat' dir='ltr'>vivere,</span> <span class='ocrx_word' id='word_1_248' title='bbox 1235 2693 1432 2763; x_wconf 90' lang='lat' dir='ltr'>ubique</span> <span class='ocrx_word' id='word_1_249' title='bbox 1482 2702 1594 2745; x_wconf 89' lang='lat' dir='ltr'>tam</span> <span class='ocrx_word' id='word_1_250' title='bbox 1642 2701 1912 2762; x_wconf 87' lang='lat' dir='ltr'>gratanter</span> <span class='ocrx_word' id='word_1_251' title='bbox 1960 2695 2313 2748; x_wconf 86' lang='lat' dir='ltr'>exhibebatur</span> 
     </span>
     <span class='ocr_line' id='line_1_29' title="bbox 306 2779 2313 2850; baseline -0.001 -16"><span class='ocrx_word' id='word_1_252' title='bbox 306 2791 370 2834; x_wconf 94' lang='lat' dir='ltr'>ut</span> <span class='ocrx_word' id='word_1_253' title='bbox 420 2800 687 2850; x_wconf 87' lang='lat' dir='ltr'>nusquam</span> <span class='ocrx_word' id='word_1_254' title='bbox 739 2780 1112 2849; x_wconf 81' lang='lat' dir='ltr'>ignominiosae</span> <span class='ocrx_word' id='word_1_255' title='bbox 1149 2779 1275 2831; x_wconf 85' lang='lat' dir='ltr'>vitae</span> <span class='ocrx_word' id='word_1_256' title='bbox 1330 2779 1572 2848; x_wconf 88' lang='lat' dir='ltr'>puderet.</span> <span class='ocrx_word' id='word_1_257' title='bbox 1650 2779 1788 2831; x_wconf 89' lang='lat' dir='ltr'>Cum</span> <span class='ocrx_word' id='word_1_258' title='bbox 1836 2780 1954 2849; x_wconf 91' lang='lat' dir='ltr'>quis</span> <span class='ocrx_word' id='word_1_259' title='bbox 1997 2798 2178 2832; x_wconf 89' lang='lat' dir='ltr'>comes</span> <span class='ocrx_word' id='word_1_260' title='bbox 2218 2789 2313 2832; x_wconf 90' lang='lat' dir='ltr'>aut</span> 
     </span>
     <span class='ocr_line' id='line_1_30' title="bbox 310 2864 2311 2936; baseline 0 -17"><span class='ocrx_word' id='word_1_261' title='bbox 310 2886 624 2936; x_wconf 87' lang='lat' dir='ltr'>magnorum</span> <span class='ocrx_word' id='word_1_262' title='bbox 669 2867 976 2935; x_wconf 89' lang='lat' dir='ltr'>principum</span> <span class='ocrx_word' id='word_1_263' title='bbox 1021 2884 1088 2918; x_wconf 88' lang='lat' dir='ltr'>ex</span> <span class='ocrx_word' id='word_1_264' title='bbox 1127 2865 1331 2934; x_wconf 91' lang='lat' dir='ltr'>judicio</span> <span class='ocrx_word' id='word_1_265' title='bbox 1376 2864 1599 2917; x_wconf 89' lang='lat' dir='ltr'>cadebat</span> <span class='ocrx_word' id='word_1_266' title='bbox 1641 2865 1696 2916; x_wconf 91' lang='lat' dir='ltr'>in</span> <span class='ocrx_word' id='word_1_267' title='bbox 1736 2865 1875 2934; x_wconf 87' lang='lat' dir='ltr'>regis</span> <span class='ocrx_word' id='word_1_268' title='bbox 1912 2874 1975 2917; x_wconf 92' lang='lat' dir='ltr'>ut</span> <span class='ocrx_word' id='word_1_269' title='bbox 2013 2866 2115 2918; x_wconf 89' lang='lat' dir='ltr'>dici</span> <span class='ocrx_word' id='word_1_270' title='bbox 2173 2865 2311 2919; x_wconf 85' lang='lat' dir='ltr'>solet</span> 
     </span>
     <span class='ocr_line' id='line_1_31' title="bbox 309 2948 2307 3018; baseline -0.002 -14"><span class='ocrx_word' id='word_1_271' title='bbox 309 2950 744 3014; x_wconf 89' lang='lat' dir='ltr'>misericordiam,</span> <span class='ocrx_word' id='word_1_272' title='bbox 784 2951 1017 3001; x_wconf 90' lang='lat' dir='ltr'>multum</span> <span class='ocrx_word' id='word_1_273' title='bbox 1068 2958 1181 3002; x_wconf 89' lang='lat' dir='ltr'>erat</span> <span class='ocrx_word' id='word_1_274' title='bbox 1234 2950 1358 3001; x_wconf 89' lang='lat' dir='ltr'>dare</span> <span class='ocrx_word' id='word_1_275' title='bbox 1396 2967 1442 3000; x_wconf 90' lang='lat' dir='ltr'>c.</span> <span class='ocrx_word' id='word_1_276' title='bbox 1482 2948 1699 3013; x_wconf 84' lang='lat' dir='ltr'>solidOS,</span> <span class='ocrx_word' id='word_1_277' title='bbox 1751 2967 1886 3018; x_wconf 92' lang='lat' dir='ltr'>quos</span> <span class='ocrx_word' id='word_1_278' title='bbox 1936 2958 2114 3001; x_wconf 91' lang='lat' dir='ltr'>tamen</span> <span class='ocrx_word' id='word_1_279' title='bbox 2170 2949 2307 3001; x_wconf 87' lang='lat' dir='ltr'>infra</span> 
     </span>
     <span class='ocr_line' id='line_1_32' title="bbox 307 3032 2305 3103; baseline -0.002 -15"><span class='ocrx_word' id='word_1_280' title='bbox 307 3035 599 3089; x_wconf 89' lang='lat' dir='ltr'>triennium</span> <span class='ocrx_word' id='word_1_281' title='bbox 650 3033 1009 3103; x_wconf 86' lang='lat' dir='ltr'>persolvebat,</span> <span class='ocrx_word' id='word_1_282' title='bbox 1065 3041 1119 3085; x_wconf 93' lang='lat' dir='ltr'>et</span> <span class='ocrx_word' id='word_1_283' title='bbox 1175 3033 1241 3084; x_wconf 91' lang='lat' dir='ltr'>de</span> <span class='ocrx_word' id='word_1_284' title='bbox 1294 3032 1522 3101; x_wconf 88' lang='lat' dir='ltr'>querelis</span> <span class='ocrx_word' id='word_1_285' title='bbox 1571 3032 1720 3101; x_wconf 90' lang='lat' dir='ltr'>prius</span> <span class='ocrx_word' id='word_1_286' title='bbox 1765 3033 1895 3085; x_wconf 89' lang='lat' dir='ltr'>ortis</span> <span class='ocrx_word' id='word_1_287' title='bbox 1947 3052 2053 3101; x_wconf 86' lang='lat' dir='ltr'>pax</span> <span class='ocrx_word' id='word_1_288' title='bbox 2094 3033 2150 3085; x_wconf 92' lang='lat' dir='ltr'>in</span> <span class='ocrx_word' id='word_1_289' title='bbox 2188 3033 2305 3085; x_wconf 83' lang='lat' dir='ltr'>foro</span> 
     </span>
     <span class='ocr_line' id='line_1_33' title="bbox 307 3118 2302 3191; baseline -0.003 -17"><span class='ocrx_word' id='word_1_290' title='bbox 307 3122 451 3191; x_wconf 85' lang='lat' dir='ltr'>regio</span> <span class='ocrx_word' id='word_1_291' title='bbox 511 3119 809 3188; x_wconf 89' lang='lat' dir='ltr'>cuicunque</span> <span class='ocrx_word' id='word_1_292' title='bbox 885 3118 985 3170; x_wconf 92' lang='lat' dir='ltr'>sub</span> <span class='ocrx_word' id='word_1_293' title='bbox 1054 3118 1415 3170; x_wconf 89' lang='lat' dir='ltr'>misericordia</span> <span class='ocrx_word' id='word_1_294' title='bbox 1478 3118 1791 3170; x_wconf 82' lang='lat' dir='ltr'>constitutO.</span> <span class='ocrx_word' id='word_1_295' title='bbox 1925 3120 2044 3170; x_wconf 93' lang='lat' dir='ltr'>Hac</span> <span class='ocrx_word' id='word_1_296' title='bbox 2123 3126 2302 3171; x_wconf 88' lang='lat' dir='ltr'>autem</span> 
     </span>
     <span class='ocr_line' id='line_1_34' title="bbox 308 3200 2303 3271; baseline -0.003 -13"><span class='ocrx_word' id='word_1_297' title='bbox 308 3225 467 3260; x_wconf 89' lang='lat' dir='ltr'>causa</span> <span class='ocrx_word' id='word_1_298' title='bbox 504 3203 661 3255; x_wconf 90' lang='lat' dir='ltr'>multi</span> <span class='ocrx_word' id='word_1_299' title='bbox 699 3202 1080 3271; x_wconf 90' lang='lat' dir='ltr'>delinquebant</span> <span class='ocrx_word' id='word_1_300' title='bbox 1122 3210 1185 3253; x_wconf 89' lang='lat' dir='ltr'>ut</span> <span class='ocrx_word' id='word_1_301' title='bbox 1225 3201 1523 3253; x_wconf 89' lang='lat' dir='ltr'>inciderent</span> <span class='ocrx_word' id='word_1_302' title='bbox 1558 3200 1613 3252; x_wconf 91' lang='lat' dir='ltr'>in</span> <span class='ocrx_word' id='word_1_303' title='bbox 1652 3201 1843 3270; x_wconf 88' lang='lat' dir='ltr'>ipsam,</span> <span class='ocrx_word' id='word_1_304' title='bbox 1882 3210 1937 3254; x_wconf 92' lang='lat' dir='ltr'>et</span> <span class='ocrx_word' id='word_1_305' title='bbox 1970 3201 2303 3255; x_wconf 89' lang='lat' dir='ltr'>delectaban-</span> 
     </span>
     <span class='ocr_line' id='line_1_35' title="bbox 308 3287 2306 3356; baseline -0.004 -12"><span class='ocrx_word' id='word_1_306' title='bbox 308 3291 490 3344; x_wconf 90' lang='lat' dir='ltr'>turin</span> <span class='ocrx_word' id='word_1_307' title='bbox 529 3308 591 3341; x_wconf 90' lang='lat' dir='ltr'>ea</span> <span class='ocrx_word' id='word_1_308' title='bbox 639 3288 827 3341; x_wconf 84' lang='lat' dir='ltr'>teneri.</span> <span class='ocrx_word' id='word_1_309' title='bbox 903 3289 1037 3339; x_wconf 89' lang='lat' dir='ltr'>Erat</span> <span class='ocrx_word' id='word_1_310' title='bbox 1088 3295 1268 3340; x_wconf 88' lang='lat' dir='ltr'>autem</span> <span class='ocrx_word' id='word_1_311' title='bbox 1319 3304 1413 3339; x_wconf 86' lang='lat' dir='ltr'>rex</span> <span class='ocrx_word' id='word_1_312' title='bbox 1466 3287 1736 3340; x_wconf 88' lang='lat' dir='ltr'>Henricus</span> <span class='ocrx_word' id='word_1_313' title='bbox 1788 3306 1881 3340; x_wconf 87' lang='lat' dir='ltr'>rex</span> <span class='ocrx_word' id='word_1_314' title='bbox 1932 3287 2158 3356; x_wconf 83' lang='lat' dir='ltr'>Angliae,</span> <span class='ocrx_word' id='word_1_315' title='bbox 2197 3287 2306 3339; x_wconf 85' lang='lat' dir='ltr'>dux</span> 
     </span>
    </p>
   </div>
   <div class='ocr_carea' id='block_1_3' title="bbox 386 3380 2014 3429">
    <p class='ocr_par' dir='ltr' id='par_1_3' title="bbox 386 3380 2014 3429">
     <span class='ocr_line' id='line_1_36' title="bbox 386 3380 2014 3429; baseline -0.002 0"><span class='ocrx_word' id='word_1_316' title='bbox 386 3395 577 3429; x_wconf 86' lang='lat' dir='ltr'>CAMD.</span> <span class='ocrx_word' id='word_1_317' title='bbox 607 3392 728 3429; x_wconf 88' lang='lat' dir='ltr'>soc.</span> <span class='ocrx_word' id='word_1_318' title='bbox 1910 3380 1939 3425; x_wconf 82' lang='lat'>2</span> <span class='ocrx_word' id='word_1_319' title='bbox 1979 3391 2014 3425; x_wconf 88' lang='lat' dir='ltr'>G</span> 
     </span>
    </p>
   </div>
  </div>
 </body>
</html>
