2638 3860
389 370 498 415 ‚140
1094 373 1402 410 GUAL‘rERt
1444 371 1645 406 MAPEs
2056 371 2251 421 [Distinc.
2276 370 2353 410 IV.

392 537 698 588 generosus,
720 517 863 586 quod
888 515 1048 584 paulo
1076 513 1251 565 minor
1276 511 1494 581 angeliS,
1521 519 1698 562 totum
1725 509 1991 562 convertit
2008 511 2065 561 in
2092 510 2381 574 sinistram,

391 612 446 654 et
483 620 728 672 perversa
765 599 1014 651 felicitate
1053 595 1378 648 fortissimus
1422 603 1533 646 tam
1571 593 1831 645 infrunito
1869 594 2042 645 factus
2081 602 2164 645 est
2201 594 2379 645 animo

391 687 664 756 parricida,
708 693 768 735 ut
804 685 859 734 in
905 682 1128 734 summis
1173 681 1448 733 desideriis
1494 687 1723 731 mortem
1782 680 1901 748 ejus
1939 678 2198 747 posuerit,
2244 680 2383 731 sicut

389 772 538 822 aiunt
565 770 853 822 Merlinum
883 768 948 819 de
973 768 1092 837 ipso
1118 768 1488 836 prophetasse,
1515 766 1674 835 Lynx
1699 773 1987 834 penetrans
2015 764 2195 815 omnia
2218 764 2383 816 exitio

389 855 618 925 propriae
643 855 816 924 gentis
860 853 1218 905 imminebit.>¹<
1293 852 1447 903 Nihil
1489 851 1907 919 impenetratum
1948 850 2122 919 liquit,
2167 867 2384 901 omnem

389 941 630 1009 lapillum
679 940 865 1004 movit,
910 947 1088 991 totum
1131 938 1351 991 foedavit
1393 936 1791 1006 proditionibus
1842 935 2046 999 orbem,
2095 935 2384 1004 prodigalis

387 1025 627 1094 proditor
662 1024 778 1093 ipse
816 1023 1175 1093 prodigusque
1213 1022 1495 1085 malorum,
1520 1023 1642 1073 fons
1690 1022 1951 1073 scelerum
1991 1020 2383 1082 serenissimuS,

390 1110 692 1179 appetibilis
732 1109 984 1178 nequitiae
1023 1109 1212 1173 fomeS,
1238 1107 1595 1177 pulcherrima
1633 1107 1838 1176 peccati
1880 1106 2039 1176 regia,
2079 1107 2230 1175 cujus
2274 1114 2388 1158 erat
2425 1110 2429 1113 ’

387 1209 609 1264 regnum
635 1194 1074 1247 amoenissimum.
1114 1195 1195 1246 Ut
1221 1193 1398 1245 sciatis
1419 1193 1689 1262 quomodo
1707 1203 1912 1245 creator
1935 1192 2096 1244 fuerit
2122 1193 2387 1244 haereseos

389 1281 758 1349 proditorum3
797 1287 947 1349 pater
974 1298 1101 1331 suus
1128 1287 1305 1331 totum
1333 1279 1434 1330 sibi
1473 1278 1750 1330 sedaverat
1787 1278 1855 1329 ad
1891 1296 2077 1347 pacem
2103 1279 2387 1343 mundum,

391 1373 499 1416 tam
528 1383 593 1417 ex
619 1365 802 1416 alienis
829 1383 989 1434 quam
1017 1383 1083 1416 ex
1110 1364 1253 1429 suis3
1291 1364 1378 1416 hic
1404 1371 1584 1415 autem
1604 1364 1783 1433 rumpi
1808 1365 2006 1416 foedera
2031 1365 2235 1428 fefellit,
2253 1372 2307 1416 et
2331 1365 2388 1415 in

389 1468 566 1519 regem
592 1450 872 1519 pacificum
899 1458 1085 1502 contra
1103 1451 1409 1519 juramenta
1427 1450 1731 1518 juratorum
1752 1468 1898 1500 arma
1924 1450 2114 1519 coegit,
2142 1450 2388 1518 perjurus

392 1537 507 1605 ipse
532 1536 687 1605 patri,
713 1554 798 1587 me
824 1535 1057 1600 vidente,
1084 1535 1423 1598 multocienS,
1448 1536 1698 1604 frequens
1725 1534 1774 1586 ei
1798 1535 2036 1604 ponebat
2062 1535 2391 1598 scandalum,

391 1622 669 1690 victusque
697 1620 904 1673 redibat
929 1639 992 1672 eo
1021 1638 1231 1689 semper
1255 1621 1322 1671 ad
1348 1620 1540 1672 delicta
1565 1620 1850 1689 proclivior
1887 1638 1993 1689 quo
2033 1620 2270 1672 securius
2298 1620 2392 1671 ad-

393 1706 635 1758 vertebat
670 1706 771 1758 sibi
811 1706 1022 1758 veniam
1065 1724 1173 1758 non
1218 1724 1377 1775 posse
1416 1706 1613 1774 negari.
1689 1706 1881 1756 Nullas
1921 1724 2160 1774 unquam
2199 1705 2396 1757 meruit

393 1790 499 1842 iras
526 1809 656 1859 quas
678 1809 786 1842 non
808 1798 991 1859 posset
1018 1790 1204 1859 primis
1230 1791 1438 1858 placare
1456 1789 1773 1860 lachrymis3
1813 1789 1887 1840 nil
1915 1789 2223 1858 concupivit
2249 1793 2395 1859 quod

394 1894 504 1927 non
562 1876 744 1944 paucis
795 1884 1133 1944 extorqueret
1194 1876 1485 1940 blanditiis,
1537 1876 1736 1945 quippe
1786 1875 1878 1944 qui
1928 1875 2170 1943 quemvis
2219 1876 2395 1927 homi-

395 1978 520 2011 nem
547 1967 730 2011 contra
757 1960 990 2028 seipsum
1019 1959 1313 2028 optinebat,
1340 1959 1460 2028 quia
1499 1967 1684 2011 contra
1718 1960 2100 2012 conscientiam
2135 1968 2189 2012 et
2230 1961 2394 2014 fidem

396 2045 516 2096 Deo
561 2044 829 2109 derelicto,
873 2044 961 2114 qui
1003 2045 1225 2096 malleus
1267 2063 1551 2113 percussus
1588 2045 1645 2096 in
1685 2045 1937 2097 Martello
1987 2045 2257 2115 poenitens
2302 2047 2393 2098 de-

398 2129 559 2181 cessit
582 2137 645 2181 ut
669 2130 835 2194 aiunt,
863 2130 957 2181 sed
1002 2130 1070 2181 ad
1108 2148 1295 2198 pacem
1329 2130 1496 2199 patris
1541 2129 1688 2182 nullo
1726 2130 1907 2199 potuit
1931 2130 2134 2182 inflecti
2164 2132 2396 2197 monitU,

399 2215 550 2284 quasi
578 2215 623 2265 si
650 2215 925 2267 decessero
953 2216 1241 2284 quiescam,
1278 2216 1323 2266 si
1367 2234 1477 2267 non
1520 2216 1865 2285 impugnabo.
1942 2218 2263 2286 Depositam
2301 2220 2396 2271 ha-

395 2299 556 2351 bebat
581 2299 636 2349 in
677 2301 836 2352 corde
877 2319 1147 2369 guerram3
1186 2301 1510 2370 fratremque
1547 2320 1706 2352 suum
1753 2302 2058 2368 Ricardum,
2079 2305 2233 2373 cujus
2259 2305 2398 2358 inta-

397 2384 648 2436 bescebat
688 2385 829 2449 odio,
864 2386 1077 2455 reliquit
1118 2386 1403 2451 haeredem,
1445 2395 1499 2439 et
1544 2387 1774 2440 decessit
1822 2389 1989 2441 iratus
2010 2410 2026 2455 3
2069 2390 2399 2444 dissimiliter

396 2470 631 2538 respexit
657 2471 926 2523 Dominus
952 2471 1134 2524 finem.

1203 2629 1478 2696 EpiloyuS.
1552 2628 1607 2681 ii.

471 2717 634 2767 Hunc
658 2716 715 2767 in
741 2716 885 2768 curia
909 2717 1045 2786 regis
1083 2718 1305 2770 Henrici
1330 2719 1571 2770 libellum
1606 2719 1803 2789 raptim
1839 2723 2088 2774 annotavi
2132 2723 2399 2777 schedulis

398 2807 450 2851 et
488 2818 517 2850 a
554 2800 711 2851 corde
749 2818 869 2852 meo
914 2800 1174 2853 violenter
1211 2803 1429 2866 extorsi,
1457 2804 1665 2854 domini
1708 2805 1815 2856 mei
1854 2807 2137 2876 praeceptis
2176 2807 2401 2879 obsequi

449 2932 473 2956 ’ἓ
494 2931 544 2970 In
561 2932 752 2983 Geoffrey
769 2933 816 2971 of
834 2932 1125 2972 Monmouth's
1145 2934 1304 2973 version
1325 2935 1374 2974 of
1423 2935 1632 2983 Neustria,
1663 2942 1704 2976 et
1732 2939 1906 2988 pristina
1926 2940 2121 2991 dignitate
2142 2944 2400 2994 spoliabitur.

398 2999 468 3037 the
500 3001 738 3050 prophecies
767 3000 813 3039 of
844 3001 995 3039 Merlin
1016 3002 1109 3051 (the
1131 3002 1240 3040 sixth
1260 3002 1368 3041 book
1424 3003 1625 3042 Matthew
1663 3004 1776 3044 Paris
1812 3007 1967 3057 applies
2004 3009 2086 3047 this
2119 3012 2326 3064 prophecy
2357 3019 2400 3053 to

402 3066 446 3103 of
470 3067 532 3105 his
562 3067 718 3106 British
751 3067 941 3120 History)
975 3069 1009 3107 it
1041 3070 1077 3108 is
1111 3070 1198 3108 said
1228 3071 1274 3109 of
1301 3071 1370 3109 the
1427 3071 1570 3122 Henry
1591 3072 1696 3120 ΙΙΙ.,
1717 3073 1798 3111 and
1820 3074 2019 3114 Hoveden
2040 3077 2118 3115 and
2141 3078 2340 3119 Benedict
2360 3081 2406 3120 of

407 3134 559 3171 Seoetus
576 3146 665 3181 reoe,
687 3135 777 3174 who
798 3148 878 3174 was
907 3141 950 3174 to
978 3148 1159 3187 conquer
1190 3137 1368 3185 Ireland,
1433 3139 1738 3191 Peterborough
1753 3143 1955 3192 supposed
1976 3145 2045 3183 the
2063 3146 2279 3186 rebellious
2300 3150 2402 3188 chil-

406 3200 643 3248 Egredietur
671 3214 719 3240 ex
755 3215 802 3242 eo
832 3203 951 3253 Lynx
981 3209 1196 3254 penetrans
1225 3205 1373 3251 omnia,
1432 3207 1531 3246 dren
1550 3208 1596 3246 of
1613 3209 1757 3260 Henry
1777 3209 1837 3248 II.
1859 3214 1902 3249 to
1930 3211 1980 3250 be
2009 3213 2079 3251 the
2108 3216 2315 3263 ruyientes
2334 3229 2402 3256 ca-

416 3266 486 3314 qui
504 3267 629 3305 ruinae
648 3269 823 3319 propriae
852 3271 984 3319 gentis
1014 3271 1245 3311 imminebit
1262 3288 1272 3311 t
1303 3286 1376 3323 per
1433 3276 1511 3314 tuli
1531 3276 1658 3315 leonis
1677 3276 1724 3315 of
1740 3276 1966 3330 Geoffrey’s
1987 3280 2156 3320 Merlin.

421 3332 534 3370 illum
584 3334 688 3372 enim
740 3340 953 3388 utramque
1004 3338 1181 3378 insulam
1225 3340 1378 3379 amittit
