2638 3860
287 350 387 402 Cap.
410 350 476 400 st]
921 345 998 379 DE
1041 344 1224 379 NUGIS
1263 343 1637 380 CURIALIUM.
2169 331 2266 391 175

264 489 402 560 petit
426 485 640 540 erratui.
717 483 817 536 Illa
843 483 937 535 diu
964 483 1192 552 despicit
1227 482 1538 547 insolenter,
1577 491 1633 535 et
1670 482 1890 535 tandem
1917 483 2033 552 ejus
2059 483 2270 536 homini

263 577 330 628 ad
352 573 693 627 securitatem
724 570 848 640 quia
886 569 1180 638 deliquerat
1223 569 1418 639 poscit,
1454 577 1510 622 et
1547 569 1776 639 optinet,
1821 577 1876 622 et
1914 569 1969 620 in
2005 570 2122 640 ejus
2148 589 2271 640 per-

267 668 476 714 severat
501 667 651 711 tutus
679 656 955 726 obsequio.

340 746 584 815 Contigit
633 745 843 796 interea
892 740 1358 811 archiepiscopum
1411 742 1738 793 Remensem
1778 742 1836 793 in
1897 743 2007 794 fata
2069 742 2275 807 cedere,

264 842 319 886 et
362 833 691 886 Gerbertum
733 831 889 880 famae
933 846 1044 880 suae
1089 827 1295 879 meritis
1342 827 1717 879 incathedrari.
1793 828 2068 898 Deinceps
2110 828 2274 880 etiam

268 917 507 987 suscepti
532 915 811 984 negotium
836 912 1059 964 honoris
1098 931 1418 983 exsequenS,
1446 914 1576 964 dum
1604 914 1792 966 Romae
1824 932 2031 966 moram
2057 915 2275 979 faceret,

269 1004 331 1056 fit
356 1023 386 1055 a
413 1003 632 1055 domino
671 1018 811 1069 papa
849 999 1132 1050 cardinalis
1174 1007 1230 1051 et
1273 999 1710 1068 archiepiscopus
1738 1001 2044 1065 RavennaS,
2072 1008 2126 1052 et
2151 1008 2279 1070 post

269 1107 438 1158 pauca
464 1088 719 1139 defuncto
746 1101 886 1153 papa
912 1083 1054 1135 sedis
1080 1083 1224 1135 illius
1246 1084 1507 1136 electione
1533 1084 1749 1154 publica
1772 1086 1997 1154 gradum
2020 1085 2277 1150 ascendit,

269 1183 325 1228 et
368 1181 485 1226 toto
531 1169 814 1223 sacerdotii
860 1169 945 1220 sui
985 1176 1231 1238 tempore
1275 1171 1522 1222 confecto
1568 1180 1903 1224 sacramento
1945 1170 2184 1241 corporis
2226 1178 2281 1222 et

272 1258 546 1328 sanguinis
587 1255 842 1309 dominici
877 1273 987 1306 non
1013 1254 1283 1324 gustabat,
1311 1254 1381 1307 ob
1419 1255 1672 1308 timorem
1698 1257 1786 1309 vel
1811 1256 1880 1309 ob
1907 1256 2280 1320 reverentiam,

271 1354 326 1398 et
346 1343 657 1397 cautissimo
684 1344 830 1394 furto
852 1341 999 1410 quod
1019 1359 1129 1393 non
1153 1341 1409 1410 agebatur
1431 1341 1735 1395 simulabat.
1811 1342 2080 1412 Apparuit
2097 1350 2280 1394 autem

271 1431 320 1484 ei
342 1430 645 1482 Meridiana
661 1447 803 1480 anno
825 1427 909 1479 sui
933 1435 1163 1496 papatus
1183 1427 1396 1492 ultimo,
1419 1428 1706 1497 designans
1727 1428 1776 1481 ei
1793 1428 1919 1480 vitae
1941 1429 2282 1481 securitatem

274 1518 445 1568 donec
487 1514 817 1567 Ierosolimis
862 1513 1083 1564 missam
1132 1512 1473 1577 celebrasset,
1516 1514 1660 1582 quod
1706 1515 1896 1566 Romae
1938 1533 2279 1567 commorans

274 1620 373 1671 pro
399 1609 528 1653 voto
556 1619 655 1652 suo
682 1617 868 1652 cavere
910 1598 1151 1668 putabat.
1231 1598 1477 1668 Contigit
1502 1607 1682 1651 autem
1708 1599 1890 1669 ipsum
1916 1599 1991 1652 ibi
2020 1600 2284 1652 celebrare

276 1687 370 1738 ubi
396 1705 630 1739 asserem
658 1686 812 1737 illum
838 1685 990 1736 aiunt
1016 1685 1326 1754 depositum
1354 1703 1514 1754 quem
1554 1686 1758 1737 Pilatus
1787 1686 2087 1738 summitati
2113 1685 2284 1738 crucis

277 1772 580 1825 Dominicae
606 1772 765 1824 titulo
795 1789 905 1823 suae
931 1771 1199 1840 passionis
1243 1770 1566 1839 inscriptum
1606 1771 1864 1836 affixerat,
1905 1789 2024 1841 quae
2069 1771 2285 1840 quidem

275 1859 498 1911 ecclesia
546 1876 717 1927 usque
765 1857 823 1908 in
872 1857 1196 1909 hodiernum
1247 1856 1391 1908 diem
1437 1856 1742 1909 Jerusalem
1794 1857 2005 1922 dicitur,
2061 1864 2116 1909 et
2164 1875 2286 1909 ecce

278 1944 381 1996 sibi
424 1962 491 1996 ex
536 1943 788 2012 opposito
834 1941 1195 2012 applaudebat
1245 1942 1552 1994 Meridiana
1596 1942 1750 2012 quasi
1796 1943 1862 1995 de
1903 1943 2141 1995 adventu
2190 1961 2288 1995 suo

278 2029 525 2099 proximo
570 2028 638 2078 ad
681 2028 856 2097 ipsam
902 2026 1166 2095 gavisura.
1244 2026 1368 2080 Qua
1412 2027 1527 2079 visa
1567 2035 1623 2079 et
1665 2027 1956 2092 intellecta,
1982 2046 2288 2098 nomenque

277 2115 382 2167 loci
407 2115 650 2177 edoctUS,
677 2113 971 2165 cardinales
999 2130 1208 2176 omneS,
1227 2112 1447 2176 clerum,
1475 2121 1530 2165 et
1554 2115 1818 2183 populum
1846 2122 2126 2178 convocat,
2151 2114 2290 2183 pub-

279 2201 380 2253 lice
406 2199 711 2261 confitetur,
736 2216 838 2250 nec
882 2198 1115 2266 aliquem
1153 2197 1321 2249 totius
1365 2198 1492 2250 vitae
1535 2217 1646 2250 suae
1691 2217 1908 2251 naevum
1946 2199 2287 2251 irrevelatum

283 2286 551 2339 observat.
628 2284 830 2336 Statuit
866 2283 1026 2335 etiam
1055 2290 1117 2334 ut
1142 2282 1396 2351 deinceps
1424 2296 1611 2335 contra
1637 2284 1837 2335 clerum
1865 2292 1920 2335 et
1944 2284 2205 2353 populum
2232 2287 2289 2335 in

285 2371 419 2424 facie
441 2370 683 2423 omnium
704 2369 859 2421 fieret
875 2368 1224 2421 consecratio.
1299 2368 1463 2421 Unde
1490 2369 1647 2421 multi
1667 2369 1818 2421 altari
1835 2369 2106 2422 celebrant
2125 2369 2288 2420 inter-

284 2457 487 2528 posit0,
526 2455 781 2508 dominus
826 2462 1007 2506 autem
1057 2473 1198 2523 papa
1244 2453 1475 2523 percipit
1516 2453 1650 2507 facie
1690 2455 1758 2506 ad
1806 2455 1997 2507 faciem
2044 2455 2288 2507 omnium

285 2543 496 2596 sedens,
575 2540 872 2593 Gerbertus
901 2540 1175 2592 modicum
1199 2539 1326 2591 vitae
1368 2558 1479 2592 suae
1521 2539 1797 2592 residuum
1825 2541 2041 2592 assidua
2066 2549 2121 2592 et
2145 2559 2290 2593 acer-

283 2628 418 2679 rima
442 2626 759 2697 poenitentia
801 2626 1006 2678 sincere
1042 2625 1240 2690 beavit,
1281 2633 1337 2678 et
1373 2625 1430 2677 in
1474 2625 1618 2677 bona
1658 2626 1997 2679 confessione
2039 2627 2286 2680 decessit.

290 2713 548 2782 Sepultus
576 2721 659 2765 est
684 2720 866 2764 autem
910 2712 967 2763 in
1008 2711 1230 2764 ecclesia
1267 2711 1413 2763 beati
1451 2711 1718 2763 Johannis
1763 2712 2032 2777 Laterani,
2057 2712 2114 2763 in
2141 2732 2291 2764 mau-

288 2799 450 2850 solaeo
478 2817 795 2862 marmoreO,
822 2798 969 2867 quod
1007 2797 1208 2867 jugiter
1236 2798 1412 2858 sudat,
1444 2797 1537 2849 sed
1564 2816 1675 2850 non
1702 2798 2007 2850 adunantur
2032 2798 2088 2849 in
2114 2798 2291 2851 rivum

287 2891 474 2953 guttae,
501 2883 604 2934 nisi
629 2890 858 2934 mortem
897 2883 1122 2951 alicujus
1155 2883 1337 2935 divitis
1378 2883 1610 2934 Romani
1637 2883 2043 2953 prophetantes,
2118 2884 2291 2935 Aiunt

290 2969 433 3022 enim
462 2968 608 3036 quod
630 2986 754 3019 cum
780 2967 1031 3019 imminet
1058 2968 1279 3020 domino
1323 2986 1478 3037 papae
1522 2968 1770 3037 migratio
1810 2969 1956 3021 rivus
2000 2968 2056 3020 in
2094 2977 2291 3022 terram

292 3054 511 3118 defluit3
551 3071 673 3104 cum
709 3052 868 3104 alicui
893 3060 1223 3121 magnatum,
1250 3070 1422 3121 usque
1449 3053 1516 3103 ad
1547 3052 1760 3104 tertiam
1799 3053 1884 3105 vel
1924 3061 2167 3122 quartam
2206 3055 2293 3108 vel

292 3139 535 3209 quintam
562 3145 768 3206 partem
795 3146 1026 3202 emanat,
1067 3137 1219 3206 quasi
1260 3139 1519 3207 cujusque
1570 3138 1885 3206 dignitatern
1929 3147 2075 3191 arcto
2120 3139 2295 3209 desig-

291 3244 428 3277 nans
453 3224 539 3276 vel
564 3223 809 3293 ampliori
834 3223 1058 3275 fluento.
1132 3223 1288 3275 Licet
1320 3230 1501 3275 autem
1548 3222 1845 3276 Gerbertus
1873 3223 2108 3277 avaritiae
2134 3243 2295 3278 causa

293 3310 502 3381 glutino
553 3309 751 3362 diaboli
805 3309 1107 3361 diutissime
1166 3309 1419 3361 detentus
1480 3308 1658 3372 fuerit,
1698 3310 1979 3378 magnifice
2022 3318 2204 3363 tamen
2239 3311 2295 3364 in
