2638 3860
338 310 437 362 Cap.
460 309 552 360 xii.]
957 310 1035 344 DE
1078 311 1261 346 Noffls
1303 310 1677 346 CURIALIUM.
2253 298 2318 344 19

309 435 545 488 velocior
587 454 711 488 cum
756 436 1010 506 erumpit,
1049 445 1104 490 et
1143 444 1436 508 propagata
1477 436 1678 489 viritim
1718 433 2020 499 admiratiO,
2062 453 2168 503 quo
2213 434 2321 503 pri-

311 521 487 573 vatius
527 521 722 573 dicitur
762 540 825 573 eo
867 523 1216 592 multiplicius
1257 523 1579 593 publicatur.
1657 521 1782 572 Hoc
1826 527 2008 571 autem
2048 519 2176 571 inde
2220 527 2322 583 est,

313 607 459 675 quod
486 607 661 658 omnis
689 608 901 659 auditor
926 609 1018 677 qui
1044 607 1111 660 ab
1139 607 1241 659 alio
1269 607 1554 660 celandum
1580 604 1775 674 accipit
1800 604 1972 656 amico
2013 603 2102 655 alii
2138 622 2322 656 secure

314 692 623 744 committit.
701 693 961 745 Moestam
988 701 1050 745 ut
1074 693 1212 746 vidit
1236 710 1331 744 rex
1369 699 1424 745 et
1465 692 1523 743 in
1562 708 1707 743 novo
1750 689 1962 742 silentio
2003 688 2224 754 curiam,
2270 698 2326 742 et

313 796 560 847 egressus
581 779 771 831 urbem
793 779 952 832 curiae
979 780 1232 849 compati,
1253 797 1451 849 augure
1478 777 1806 831 conscientia
1825 776 1940 845 jam
1967 775 2070 827 sibi
2091 776 2156 827 de
2182 776 2326 827 fama

314 865 527 930 metuit,
578 874 632 918 et
670 866 843 917 nostri
886 884 1036 918 more
1081 866 1323 917 defectus
1361 871 1490 934 post
1532 872 1651 916 acta
1691 863 1821 933 quid
1863 862 2032 932 egerit
2075 862 2326 927 attendit,

316 951 646 1020 edoctusque
687 971 718 1003 a
756 951 1002 1020 pluribus
1042 950 1302 1003 invidiam
1343 969 1449 1019 qua
1473 950 1653 1019 ipsum
1679 949 1983 1019 proditores
2024 948 2107 1000 sui
2133 949 2328 1001 sedux-

315 1045 468 1088 erant
492 1037 949 1088 inconsolabiliter
974 1036 1139 1100 dolet,
1165 1044 1221 1087 et
1263 1036 1397 1087 iram
1442 1044 1576 1088 tunc
1618 1036 1795 1104 primo
1829 1035 2035 1103 justam
2080 1035 2138 1086 in
2177 1035 2327 1104 ipsos

314 1121 624 1174 inventores
641 1130 697 1174 et
713 1129 1026 1174 executores
1045 1121 1258 1173 sceleris
1277 1122 1444 1186 ultuS,
1467 1121 1635 1173 oculis
1655 1120 1895 1189 privatos
1913 1127 1968 1172 et
1986 1120 2329 1189 genitalibus,

313 1207 517 1258 inflicta
551 1225 656 1276 qua
689 1214 849 1258 nocte
875 1214 1137 1275 perpetua
1161 1213 1471 1275 resectaque
1508 1206 1789 1274 voluptate
1827 1206 1893 1257 de
1929 1216 2123 1258 caetero
2149 1205 2331 1258 vivere

317 1293 521 1345 dimisit
562 1293 619 1344 in
645 1292 836 1345 mortis
861 1292 1110 1361 imagine.
1189 1292 1524 1362 Hujusmodi
1552 1299 1681 1358 sunt
1702 1292 1856 1343 lusus
1884 1291 2061 1356 curiae,
2101 1299 2157 1343 et
2199 1291 2332 1343 tales

314 1379 392 1431 ibi
418 1379 727 1430 daemonum
771 1378 1051 1430 illusiones
1073 1399 1087 1443 3
1129 1386 1184 1430 et
1224 1379 1528 1448 quicunque
1571 1378 1867 1431 delectatur
1909 1377 2127 1448 aliquod
2151 1377 2334 1429 videre

316 1471 631 1533 portentum
657 1464 987 1532 ingrediatur
1013 1463 1186 1515 curias
1214 1470 1519 1532 potentum.
1594 1463 1671 1514 Et
1714 1469 1794 1527 tn,
1833 1481 1957 1515 cum
1997 1470 2183 1515 nostra
2208 1481 2333 1532 pro-

317 1550 513 1601 cellosa
538 1567 650 1618 prae
677 1548 884 1600 caeteris
911 1556 1083 1600 mater
1109 1548 1462 1600 afflictionum
1488 1555 1542 1599 et
1566 1547 1765 1598 irarum
1809 1548 2009 1612 nutrix,
2050 1549 2192 1600 inter
2234 1549 2332 1600 has

317 1635 565 1703 praecipis
591 1634 800 1703 poetari
827 1634 1119 1686 discordias
1137 1655 1152 1699 3
1197 1633 1396 1686 videris
1434 1651 1521 1684 me
1567 1632 1859 1685 calcaribus
1890 1652 2079 1702 urgere
2112 1634 2333 1685 Balaam

318 1720 513 1789 quibus
540 1720 596 1770 in
621 1719 785 1772 verba
810 1719 986 1787 coegit
1009 1719 1234 1771 asinam.
1311 1718 1526 1772 Quibus
1554 1718 1698 1770 enirn
1720 1718 1836 1769 aliis
1862 1719 2039 1787 possit
2065 1718 2333 1788 quispiam

315 1804 500 1855 induci
528 1804 688 1855 simul
713 1803 770 1854 in
795 1803 1006 1872 poesim
1028 1805 1044 1855 ?
1124 1804 1200 1854 At
1224 1803 1379 1854 valde
1406 1802 1572 1855 timeo
1598 1821 1667 1855 ne
1693 1802 1828 1854 mihi
1847 1821 1943 1872 per
1967 1803 2334 1873 insipientiam

318 1890 472 1941 cedat
512 1889 568 1940 in
613 1888 940 1940 contrarium
985 1887 1168 1951 asinae,
1207 1896 1261 1940 et
1287 1887 1387 1939 tibi
1410 1888 1467 1939 in
1494 1887 1822 1939 contrarium
1850 1887 2088 1952 Balaam,
2115 1895 2178 1939 ut
2204 1888 2335 1940 dum

317 1993 404 2027 me
420 1973 568 2043 loqui
586 1973 932 2042 compelleres
949 1972 1202 2043 incipiam
1223 1973 1432 2038 rudere,
1455 1972 1595 2025 sicut
1610 1972 1700 2023 illa
1718 1989 1817 2040 pro
1834 1971 2019 2023 ruditu
2035 1972 2214 2024 locuta
2235 1980 2334 2037 est,

317 2060 614 2129 fecerisque
641 2060 707 2111 de
731 2058 952 2110 homine
979 2059 1210 2123 asinum,
1237 2077 1399 2128 quem
1425 2057 1686 2110 debueras
1706 2058 1878 2109 facere
1904 2065 2141 2126 poetam.
2182 2057 2335 2109 Fiam

319 2154 502 2197 tamen
529 2145 711 2196 asinus
728 2163 825 2213 per
843 2152 914 2206 te,
938 2145 1061 2213 quia
1071 2144 1231 2213 jubes
1252 2166 1263 2196 :
1309 2152 1371 2195 tu
1397 2161 1604 2206 caveaS,
1632 2142 1677 2194 si
1699 2160 1784 2194 me
1805 2142 2017 2193 ruditus
2039 2143 2244 2194 ruditas
2266 2143 2337 2194 ri-

322 2231 561 2282 diculum
586 2230 896 2292 reddiderit,
922 2248 990 2280 ne
1017 2238 1070 2281 te
1105 2229 1367 2298 jussionis
1407 2227 1752 2280 irreverentia
1788 2227 1983 2295 probet
2021 2227 2337 2280 inverecun-

323 2317 470 2368 dum.
547 2315 615 2366 In
641 2313 887 2382 pluribus
915 2321 999 2366 est
1024 2315 1187 2365 timor
1212 2333 1365 2366 meus
1389 2335 1400 2365 :
1441 2331 1528 2365 me
1554 2313 1750 2364 macies
1778 2312 2052 2364 accusabit
2079 2312 2336 2376 scientiae,

321 2421 409 2454 me
453 2401 648 2470 linguae
694 2398 973 2450 damnabit
1008 2399 1252 2463 infantia,
1297 2416 1384 2450 mc
1425 2404 1741 2449 contemnet
1785 2398 1908 2466 quia
1952 2398 2077 2449 vivo
2122 2399 2337 2450 moder-

318 2488 478 2539 nitaS.
553 2486 639 2537 Tu
683 2486 820 2536 duos
865 2484 1069 2553 primos
1110 2484 1332 2536 timores
1360 2501 1602 2547 excusaS,
1631 2482 1723 2551 qui
1750 2482 1942 2551 jubes:
1989 2501 2087 2551 ego
2114 2483 2334 2534 tertium

322 2574 529 2625 auferre
569 2572 716 2635 n010,
762 2570 886 2640 quia
927 2570 1108 2622 vivere
1151 2569 1293 2622 volo,
1370 2567 1661 2620 Materiam
1706 2567 1839 2618 mihi
1883 2575 1995 2618 tam
2059 2567 2334 2637 copiosam

323 2660 492 2729 eligis,
518 2666 581 2710 ut
605 2657 754 2709 nullo
781 2656 958 2726 possit
988 2674 1148 2726 opere
1177 2655 1434 2725 superari,
1460 2653 1623 2705 nullis
1650 2653 1847 2723 aequari
1872 2652 2166 2717 laboribus,
2194 2654 2336 2706 dicta

324 2746 527 2798 scilicet
552 2752 607 2796 et
630 2744 770 2795 facta
795 2761 915 2812 quae
941 2742 1185 2794 nondum
1211 2742 1403 2793 litterae
1442 2739 1638 2793 tradita
1684 2747 1812 2790 sunt
1827 2759 1842 2803 3
1882 2757 2214 2808 quaecunque
2256 2739 2336 2790 di-

326 2831 431 2883 dici
456 2828 799 2898 conspectius
824 2827 1023 2880 habere
1049 2827 1386 2892 miraculum,
1411 2834 1474 2878 ut
1498 2825 1741 2878 recitatio
1767 2825 1976 2894 placeat
2001 2832 2055 2877 et
2070 2825 2137 2876 ad
2159 2842 2334 2876 mores

325 2915 515 2967 tendat
538 2913 841 2965 instructio.
920 2911 1112 2964 Meum
1139 2919 1320 2965 autem
1350 2911 1477 2963 inde
1515 2910 1858 2980 propositum
1903 2917 1987 2961 est
2030 2910 2164 2960 nihil
2208 2911 2338 2963 novi

325 3001 537 3063 cudere,
578 2998 713 3049 nihil
752 2998 1000 3050 falsitatis
1040 2998 1272 3062 inferre3
1312 2997 1408 3048 sed
1448 3013 1781 3065 quaecunque
1823 2994 1932 3046 scio
1977 3013 2044 3046 ex
2087 2994 2209 3047 visu
2248 2995 2336 3047 vel

327 3085 485 3139 credo
523 3102 591 3136 ex
615 3083 804 3135 auditu
846 3101 945 3152 pro
988 3082 1192 3135 viribus
1234 3082 1515 3151 explicare.
1594 3079 1923 3132 Gillebertus
1976 3079 2140 3132 Filiot
2188 3099 2334 3133 nunc

327 3168 696 3224 Lundinensis
723 3168 1061 3237 episcopus&
1081 3166 1163 3218 vir
1186 3166 1351 3218 trium
1371 3164 1730 3236 peritissimus
1757 3164 2078 3233 linguarum,
2106 3165 2335 3225 Latinae‚

382 3299 407 3323 ²*
436 3297 599 3336 Gilbert
619 3295 769 3342 Foliot,
787 3306 865 3332 one
881 3293 928 3332 of
937 3292 1006 3331 the
1016 3294 1125 3331 most
1139 3290 1306 3330 learned
1363 3289 1466 3328 1163
1489 3301 1535 3328 or
1559 3289 1664 3327 1164
1686 3294 1728 3328 to
1740 3290 1805 3330 his
1826 3292 1964 3340 death,
1986 3293 2119 3332 which
2140 3293 2174 3332 is
2194 3290 2336 3343 placed

329 3379 423 3406 men
439 3364 484 3405 of
492 3365 556 3405 his
572 3365 686 3413 time,
697 3376 776 3403 was
792 3362 940 3412 bishop
955 3359 1001 3401 of
1010 3359 1183 3400 London
1195 3358 1303 3398 from
1360 3357 1403 3397 in
1442 3357 1538 3397 Feb·
1594 3360 1694 3400 1187
1738 3359 1772 3410 (?
1790 3360 1929 3413 1188).
1990 3362 2193 3401 Matthew
2223 3361 2335 3400 Paris
