2638 3860
315 322 416 373 Cap.
438 321 553 372 xxv.]
937 324 1014 358 DE
1058 323 1240 360 NUGIS
1285 324 1658 361 CURIALIUM.
2229 310 2296 372 57

282 450 404 502 sit.*
479 451 555 502 At
581 456 723 502 certe
739 449 852 500 nati
878 468 988 501 non
1009 451 1234 502 fuerunt
1271 451 1328 502 in
1364 452 1616 519 claustro,
1653 453 2068 505 reminiscantur
2103 471 2291 506 eorum

286 554 404 604 quae
430 536 682 588 viderunt
707 543 874 587 extra.
932 535 1135 588 Nonne
1151 535 1365 588 videtur
1381 538 1604 590 ecclesia
1627 539 1810 608 praeda
1836 538 2148 590 monasterii
2169 537 2287 589 sui?

284 621 550 691 Nunquid
592 640 715 690 ergo
751 621 1046 673 claustrum
1079 622 1310 690 ingressi
1351 630 1480 674 sunt
1519 642 1588 674 an
1631 626 1908 676 castrum?
1987 623 2130 675 Cum
2162 641 2291 692 pro-

282 706 468 759 hibeat
504 708 686 776 regula
724 706 973 759 ecclesias
1000 707 1296 775 possidere,
1329 708 1452 777 jura
1492 709 1974 777 praesentationum
2013 708 2079 760 ab
2122 709 2289 761 advo-

282 793 413 844 catis
466 792 733 856 obtinent,
783 799 839 843 et
880 791 1125 843 immisso
1169 791 1366 844 vicario
1411 811 1523 845 non
1574 794 1825 846 ecclesias
1864 795 2149 864 possident
2190 794 2287 846 sed

279 879 570 948 pensiones
610 896 833 930 annuas·
907 877 1143 930 Videant
1182 877 1289 947 ipsi
1328 897 1397 930 ne
1437 879 1542 947 legi
1586 880 1732 930 fraus
1757 879 1868 932 fiat.
1946 879 2054 932 Sed
2079 899 2179 933 nos
2207 880 2284 934 eis

281 964 533 1016 custodes
559 963 734 1015 nostri
757 962 1150 1030 vendiderunt3
1182 963 1305 1015 ideo
1333 964 1602 1016 silendum
1628 965 1875 1030 arbitror,
1901 985 1970 1018 ne
1997 985 2160 1036 super
2185 968 2283 1021 do-

276 1050 447 1101 lorem
482 1049 767 1101 vulnerum
804 1047 1017 1110 addam,
1056 1065 1337 1116 apponens
1362 1048 1705 1117 iniquitatem
1737 1068 1899 1118 super
1923 1050 2280 1120 iniquitatem.

279 1135 352 1187 Oi
377 1136 434 1202 (?)
459 1135 702 1186 fecerunt
721 1133 834 1200 jam
851 1132 997 1183 hunc
1016 1131 1238 1184 Hebraei
1261 1132 1522 1197 libellum,
1549 1140 1605 1185 et
1629 1152 1717 1186 me
1732 1134 2003 1203 religionis
2029 1155 2283 1205 persecu-

273 1226 447 1271 torem
479 1218 696 1281 dicunt3
734 1217 864 1269 vitia
897 1217 1232 1286 reprehendo
1262 1236 1376 1270 non
1401 1236 1598 1283 moreS,
1623 1220 1955 1288 professores
1981 1222 2143 1274 falsos
2170 1242 2284 1276 non

274 1303 518 1355 ordinem
543 1302 682 1355 bene
707 1303 1039 1354 institutum.
1080 1301 1191 1356 Qui
1217 1321 1431 1355 carnem
1459 1303 1704 1372 affligunt
1727 1313 1791 1356 ut
1815 1306 2079 1376 castigent
2102 1308 2281 1360 Vene-

271 1408 404 1454 rem,
444 1388 535 1459 qui
572 1396 804 1458 pascunt
845 1406 1109 1458 pauperes
1147 1396 1210 1439 ut
1245 1388 1569 1458 propitietur
1618 1390 1695 1441 eis
1745 1392 1917 1457 Deus,
1962 1393 2054 1462 qui
2103 1394 2281 1447 media

271 1485 430 1529 nocte
493 1484 720 1544 surgunt
780 1482 844 1526 ut
901 1474 1278 1538 confiteantur,
1336 1493 1449 1526 non
1513 1476 1707 1545 culp03
1763 1477 1858 1529 sed
1918 1479 2010 1547 qui
2059 1498 2278 1532 omnem

273 1562 423 1613 omni
473 1561 652 1612 studio
696 1561 831 1612 lucri
872 1560 1017 1611 viam
1068 1559 1355 1612 inveniunt
1404 1568 1459 1612 et
1524 1568 1840 1629 sequuntur,
1907 1563 1999 1632 qui
2057 1582 2277 1617 omnem

269 1648 505 1700 avaritiae
547 1655 760 1717 portam
799 1646 1046 1715 aperiunt
1085 1652 1140 1698 et
1179 1645 1568 1714 ingrediuntur,
1607 1645 1696 1714 qui
1732 1646 1935 1698 nullam
1969 1650 2277 1718 excogitant

268 1732 621 1785 emolumenti
656 1731 915 1784 saevitiam
948 1749 1053 1799 qua
1091 1748 1204 1782 non
1245 1738 1601 1799 exequuntur.
1678 1731 1814 1784 Haec
1841 1741 1970 1785 sunt
2007 1753 2125 1803 quae
2171 1755 2274 1789 nos

267 1818 445 1870 odisse
483 1817 654 1881 decet,
693 1823 748 1868 et
781 1834 848 1867 ex
895 1815 1090 1867 horum
1130 1833 1294 1867 sensu
1333 1815 1580 1867 ducimur
1615 1815 1673 1867 in
1711 1818 1998 1886 querelam.
2075 1820 2275 1873 Minis-

265 1913 379 1957 tros
418 1903 606 1955 talium
643 1903 925 1954 horremus
964 1907 1020 1952 et
1056 1899 1348 1970 arguimUS,
1386 1907 1682 1970 utcumque
1719 1908 1783 1953 ut
1820 1902 1926 1971 ipsi
1968 1922 2081 1956 non
2120 1906 2271 1959 inve-

264 1991 483 2043 niantur
515 1989 568 2040 in
609 1988 732 2040 hiis.
805 1986 981 2039 Video
1007 2004 1095 2038 me
1127 1986 1240 2055 jam
1278 1985 1384 2037 illis
1417 1986 1622 2037 facturn
1655 1985 1712 2037 in
1741 1987 2187 2044 detractationem
2212 1992 2270 2044 in

261 2076 516 2139 fabulam,
537 2082 600 2126 ut
620 2072 884 2125 Cluvieno
911 2090 997 2124 me
1019 2080 1334 2141 comparent
1352 2076 1584 2141 poetae,†
1611 2079 1756 2124 creta
1782 2080 1837 2125 et
1862 2075 2093 2129 carbone
2112 2082 2266 2145 us0,‡

261 2161 498 2231 insipido
537 2167 592 2212 et
626 2158 810 2210 idiotae
852 2156 1115 2226 scriptori.
1191 2156 1300 2209 Hic
1336 2175 1435 2226 ego
1471 2175 1592 2208 sum
1628 2165 1802 2223 certe3
1844 2161 1937 2211 sed
1965 2161 2095 2214 dum
2133 2165 2269 2218 mihi

263 2250 330 2301 de
369 2245 573 2299 malitia
614 2262 829 2296 carmen
869 2250 953 2295 est
996 2242 1227 2295 carbone
1269 2243 1486 2312 quidem
1530 2250 1586 2295 et
1629 2251 1773 2295 creta
1817 2245 2057 2313 dignum,
2102 2250 2265 2303 etiam

258 2334 427 2387 idiota
461 2350 598 2395 sum,
635 2348 748 2381 non
783 2327 1088 2392 adinveniO,
1126 2346 1237 2379 non
1271 2328 1477 2392 adulor,
1517 2336 1572 2380 et
1602 2328 1888 2398 insipidus,
1931 2332 2056 2400 quia
2089 2335 2167 2386 sal
2205 2337 2263 2387 in

259 2421 450 2472 foetore
487 2436 599 2469 non
624 2414 856 2486 proficit.
932 2414 1190 2483 Ineptum
1224 2431 1311 2464 me
1350 2414 1522 2465 fateor
1547 2421 1602 2465 et
1626 2414 1894 2466 insulsum
1931 2425 2168 2485 poetam,
2207 2430 2263 2474 at

256 2524 370 2558 non
418 2502 821 2572 falsigraphum.
921 2499 1052 2550 Non
1103 2498 1249 2550 enim
1301 2498 1563 2551 mentitur
1613 2500 1705 2568 qui
1753 2500 1961 2565 recitat,
2020 2505 2115 2556 sed
2166 2507 2260 2575 qui

255 2590 442 2660 fingit3
481 2607 579 2658 ego
606 2594 786 2639 autem
814 2585 880 2637 de
905 2584 1028 2647 hiiS,
1054 2583 1111 2636 id
1151 2591 1234 2636 est
1277 2585 1343 2636 de
1373 2584 1640 2649 Hebraeis,
1676 2585 1821 2654 quod
1862 2587 1972 2639 scio
2014 2597 2069 2640 et
2111 2594 2258 2660 quod

255 2676 476 2729 ecclesia
512 2675 624 2739 flet,
663 2672 914 2743 quodque
950 2671 1259 2740 frequenter
1296 2670 1475 2734 audio,
1509 2670 1718 2739 loquor,
1755 2690 1855 2723 nec
1889 2673 2253 2748 inexpertUS,§

253 2770 309 2815 et
334 2762 379 2813 si
403 2780 514 2814 non
540 2758 865 2829 resipuerint
889 2755 1327 2826 praedicabuntur
1353 2774 1515 2825 super
1539 2764 1682 2809 tecta
1711 2775 1832 2826 quae
1857 2777 2003 2811 nunc
2036 2761 2093 2812 in
2130 2781 2257 2817 aure

251 2847 534 2910 latitantffl
586 2846 692 2898 Sed
713 2852 776 2897 ut
792 2850 1072 2897 convertat
1094 2842 1152 2894 in
1173 2861 1266 2895 eos
1292 2843 1564 2894 Dominus
1586 2842 1947 2895 adversarium
1964 2846 2178 2912 fortem,
2200 2858 2256 2901 et

301 2959 327 2983 ²*
354 2958 520 3004 Tobias,
542 2957 586 2996 ii.
608 2959 674 2996 21.
1280 2961 1446 3012 printed
1470 2961 1514 2999 in
1536 2961 1606 3000 the
1625 2960 1842 3011 Appendix
1858 2964 1902 2999 to
1931 2960 2002 3000 the
2032 2961 2252 3003 Introduc..

304 3029 335 3072 †
363 3025 554 3065 Juvenal.
578 3024 664 3063 Sat.
686 3025 715 3063 i.
738 3026 805 3064 80.
1278 3029 1370 3067 tion
1399 3033 1443 3068 to
1473 3029 1544 3068 the
1564 3030 1592 3050 “
1616 3028 1798 3067 Poems”
1819 3028 2045 3068 attributed
2074 3034 2118 3069 to
2149 3031 2253 3079 him,

306 3095 331 3142 ‡
362 3092 486 3133 Conf.
528 3092 675 3131 Horat.
713 3092 798 3132 Sat.
836 3095 910 3133 lib.
942 3107 996 3134 11.
1031 3096 1090 3135 iii.
1125 3096 1219 3136 246.
1275 3108 1318 3147 p.
1339 3096 1450 3134 xxxi.

249 3163 362 3202 Pers.
387 3161 471 3199 Sat.
492 3173 532 3198 v,
558 3162 649 3198 108.
1332 3163 1362 3211 ἹῘ
1391 3163 1544 3202 Matth.
1565 3175 1605 3201 x·
1628 3164 1695 3204 27.
1756 3163 1879 3206 Quod
1898 3163 1940 3203 in
1960 3177 2057 3205 aure
2082 3167 2247 3217 auditis,

306 3233 326 3277 §
359 3229 435 3268 See
472 3228 581 3266 what
619 3227 809 3267 Giraldus
847 3241 937 3280 says
975 3230 1022 3268 of
1055 3230 1220 3282 Mapes’
1277 3230 1491 3281 praedicate
1509 3243 1632 3282 super
1649 3234 1772 3271 tecta.

249 3297 432 3346 dealings
451 3296 549 3334 with
564 3296 634 3335 the
651 3295 912 3347 Cistercians,
930 3298 973 3337 in
992 3298 1061 3338 the
1080 3299 1216 3351 pieces

323 3381 511 3416 CAMD.
554 3380 676 3417 SOC.
2082 3387 2102 3421 1
