2638 3860
391 409 489 456 162
1100 416 1412 452 GUALTERI
1454 415 1654 450 MAPES
2044 416 2240 465 [Distinc.
2265 415 2341 453 IV.

384 558 580 628 ubique
606 558 868 627 pessimos
895 555 1133 625 praeficit,
1159 555 1297 606 vires
1323 554 1426 606 illis
1454 553 1635 623 adjicit
1675 560 1729 604 et
1753 560 2076 621 potestatem
2105 560 2264 622 auget
2283 552 2375 622 qui

385 643 609 711 nequius
649 642 704 692 in
756 641 1069 692 innocentes
1103 639 1406 707 insurgunt,
1440 646 1494 690 et
1531 637 1624 707 qui
1655 637 1904 689 miserere
1943 638 2191 689 nesciunt
2217 653 2378 706 super

384 744 568 777 omnes
607 724 903 776 constituit.
979 724 1130 775 Nulli.
1158 741 1378 775 suorum
1404 722 1573 791 parcit
1599 721 1690 791 qui
1734 740 1950 790 parcere
1975 722 2123 785 velit,
2161 722 2373 773 nullum

382 818 435 861 et
459 811 664 862 bonum
690 809 1036 878 impunitum,
1063 809 1271 859 nullum
1298 809 1496 859 malum
1523 808 1970 859 irremuneratum
1991 827 2005 871 3
2045 815 2100 859 et
2125 825 2247 858 cum
2272 824 2374 858 nec

379 913 559 962 parem
588 894 644 945 in
671 902 810 945 terra
834 912 932 945 nec
958 893 1210 945 rebellem
1235 893 1450 962 reperit,
1488 893 1657 943 instar
1685 893 1923 960 Capanei
1961 912 1991 943 a
2017 892 2151 944 coelo
2178 909 2373 960 provo-

380 988 464 1031 cat
488 980 750 1032 inimicos.
828 979 1103 1031 Cimiteria
1130 979 1339 1048 spoliat,
1368 979 1532 1031 violat
1565 978 1832 1042 ecclesiaS,
1871 997 1970 1030 nec
1996 979 2191 1029 timore
2219 977 2372 1029 vivo·

378 1082 496 1116 rum
522 1084 620 1117 nec
663 1065 860 1133 pietate
904 1072 1239 1116 mortuorum
1285 1064 1527 1128 absistit3
1567 1072 1620 1115 et
1645 1064 1800 1116 valde
1832 1064 2043 1133 justum
2083 1072 2166 1115 est
2191 1070 2252 1114 ut
2278 1062 2370 1131 qui

377 1149 441 1199 de
484 1151 602 1202 Deo
643 1169 752 1202 non
798 1149 960 1201 habet
1009 1150 1378 1213 reverentiam,
1404 1150 1536 1200 nihil
1589 1150 1777 1201 timeat
1821 1157 1946 1202 ante
1994 1149 2222 1213 ruinam,
2275 1147 2369 1199 sed

377 1234 637 1286 exaltetur
663 1253 874 1304 semper
898 1235 965 1286 ad
999 1235 1355 1304 praecipitium
1380 1240 1488 1286 “cor
1529 1242 1591 1286 ut
1627 1235 1869 1303 longaeva
1912 1234 2150 1302 nequitia
2191 1233 2370 1284 subita

377 1320 547 1371 securi
573 1321 909 1389 praecidatur.
987 1320 1298 1372 Percellitur
1324 1320 1681 1381 anathemate,
1720 1337 1818 1370 nec
1844 1318 2000 1370 timet
2020 1339 2034 1383 3
2073 1319 2273 1370 vitatur
2299 1319 2366 1370 ab

376 1405 644 1470 omnibus,
670 1424 767 1457 nec
805 1407 1020 1469 horret3
1059 1407 1254 1456 famam
1287 1404 1435 1473 ,fugit
1478 1412 1533 1455 et
1571 1403 1759 1472 quaerit
1798 1403 2090 1456 infamiam.
2167 1404 2367 1456 Omnia

377 1489 605 1540 cassavit
646 1489 886 1540 omnium
931 1489 1150 1540 consilia
1170 1510 1185 1553 3
1224 1489 1336 1557 jam
1379 1488 1559 1556 ipsum
1609 1506 1769 1539 nemo
1819 1488 2179 1556 reprehendit,
2206 1507 2366 1541 nemo

377 1574 616 1642 castigat,
646 1575 738 1625 sed
766 1574 1173 1643 desperantibus
1218 1573 1401 1625 amicis
1428 1581 1483 1624 et
1523 1572 1804 1624 silentibus
1845 1581 1908 1624 ut
1951 1573 2087 1642 lapis
2115 1592 2145 1624 a
2169 1574 2367 1626 vertice

375 1657 634 1726 abruptus
661 1665 837 1709 totum
876 1658 1059 1726 lapsus
1086 1658 1149 1709 ad
1177 1658 1285 1709 ima
1314 1658 1547 1709 decurrit
1580 1657 1958 1709 irrevocabiliS.
2036 1659 2120 1709 Ita
2152 1658 2287 1710 liber
2313 1666 2368 1710 et

374 1742 653 1811 expeditus
705 1749 759 1793 et
802 1741 1055 1792 dimissus
1100 1741 1166 1792 ab
1208 1742 1480 1806 omnibus,
1530 1743 1735 1812 magnis
1790 1743 2014 1794 saltibus
2060 1744 2126 1797 ad
2171 1751 2367 1795 tartara

375 1827 563 1891 tendit,
606 1836 659 1879 et
695 1835 757 1878 ut
789 1846 934 1878 mare
979 1828 1172 1891 ventis,
1211 1828 1284 1878 ita
1319 1828 1615 1880 maledictis
1656 1829 1917 1881 attollitur
1952 1837 2006 1880 et
2037 1830 2367 1894 intumescit,

375 1913 648 1964 afflictioni
700 1913 1118 1981 tempestuosius
1162 1913 1537 1965 universorum
1576 1914 1884 1978 imminens,
1929 1922 1983 1966 et
2033 1916 2158 1967 licet
2196 1916 2367 1985 petita

376 1998 629 2067 suscipiat
654 1999 926 2067 rapiatque
952 2006 1159 2067 negata,
1185 1999 1332 2050 nulla
1356 2006 1539 2067 potest
1564 2000 1834 2051 affluentia
1856 2001 2044 2065 sedari,
2066 2019 2164 2054 nec
2190 2009 2362 2054 totam

374 2092 526 2135 terrae
554 2084 773 2153 depasta
798 2083 1187 2152 pretiositatem
1215 2084 1435 2135 satiatur
1461 2085 1698 2137 ambitio.

444 2168 481 2218 J
484 2186 568 2218 am
596 2168 723 2218 satis
753 2167 890 2235 Olga
918 2185 1152 2231 securus,
1181 2168 1424 2237 servique
1450 2176 1641 2220 tenens
1670 2170 1752 2221 sui
1791 2170 2024 2222 animam
2051 2170 2362 2223 certissimis

370 2252 638 2304 astrictam
663 2252 906 2315 vinculis,
934 2271 989 2304 se
1016 2252 1100 2303 die
1126 2253 1354 2321 quadam
1387 2253 1490 2322 ipsi
1519 2254 1755 2324 solivago
1783 2255 1883 2307 sub
1909 2255 2101 2308 umbra
2126 2257 2360 2308 nemoris

371 2337 581 2388 obviam
609 2337 749 2388 facit.
866 2337 1165 2388 Consident
1205 2345 1259 2389 et
1299 2337 1726 2403 confabulantur,
1773 2340 2168 2410 recordatisque
2205 2341 2362 2393 novis

368 2424 710 2492 iniquitatum
749 2430 803 2474 et
851 2424 1109 2475 scelerum
1154 2423 1385 2492 propriis
1428 2423 1682 2489 inventis,
1723 2425 1971 2477 laudatur
2011 2427 2189 2491 Eudo,
2226 2427 2365 2479 ridet

375 2508 527 2577 Olga,
553 2508 724 2559 victos
750 2509 967 2560 fratrem
995 2528 1152 2560 suum
1179 2517 1233 2560 et
1260 2527 1315 2560 se
1337 2509 1736 2580 discipulosque
1762 2512 1960 2563 fatetur
1986 2531 2172 2564 eorum
2198 2521 2362 2565 tantae

370 2593 532 2644 cladis
552 2601 606 2644 et
623 2593 971 2645 immanitatis
989 2594 1211 2646 artibus,
1288 2595 1438 2659 Serio
1455 2602 1543 2646 tan
1552 2596 1673 2647 dem
1692 2597 1832 2665 Olga
1849 2598 2143 2667 suspiranS,
2162 2606 2216 2650 et
2237 2606 2365 2667 post

368 2678 581 2747 longam
639 2679 1045 2730 meditationem
1095 2680 1150 2730 in
1202 2679 1449 2747 angelum
1514 2698 1570 2730 se
1632 2682 2018 2732 transformans
2078 2683 2231 2747 lucis,
2272 2684 2364 2748 ait,

367 2767 402 2792 ‘⁶
425 2763 711 2815 Carissime
738 2764 830 2827 mi,
858 2782 1175 2832 quocunque
1196 2765 1423 2815 tendant
1448 2765 1562 2816 haec
1588 2765 1819 2817 ludicra?
1861 2767 2144 2818 consilium
2173 2768 2361 2821 animae

367 2855 472 2898 tuae
499 2866 565 2899 ne
593 2848 841 2912 differas;
881 2848 1128 2916 displicet
1163 2849 1294 2899 mihi
1333 2849 1477 2917 quod
1516 2850 1774 2918 majorem
1813 2869 2025 2904 exerces
2064 2854 2361 2923 nequitiam
2422 2842 2430 2847 ⁶

367 2951 524 3000 quam
550 2951 723 2984 meam
751 2934 935 2985 deceat
960 2934 1289 2995 fatalitatem,
1319 2942 1374 2986 et
1400 2935 1523 2986 licet
1548 2935 1647 2986 tibi
1672 2936 1890 3001 rideam,
1925 2957 2035 2989 non
2061 2938 2194 2991 libet
2214 2941 2360 3009 quod

366 3026 419 3068 te
447 3019 720 3070 derideant
747 3020 836 3088 qui
862 3019 961 3071 tibi
989 3028 1205 3071 struunt
1230 3021 1294 3071 ad
1335 3020 1694 3089 perditionem
1731 3022 1973 3076 insidias.
2051 3025 2186 3077 Haec
2212 3025 2357 3077 enim

369 3111 494 3154 sunt
520 3122 679 3172 opera
707 3105 976 3169 Sathanae,
1004 3105 1213 3170 Berith,
1239 3118 1294 3157 et
1321 3106 1638 3158 Leviathan.
1717 3107 1863 3159 Scias
1891 3110 2036 3177 quod
2063 3129 2094 3161 a
2119 3110 2278 3162 nobis
2306 3119 2361 3163 et

366 3188 524 3238 etiam
544 3189 609 3239 ab
630 3190 828 3258 angelis
851 3190 1074 3242 Domini
1102 3199 1229 3242 sunt
1250 3191 1565 3243 abscondita
1597 3193 1799 3261 judicia
1822 3194 2078 3246 dominici
2093 3196 2357 3264 pectoris3

371 3273 463 3322 sed
490 3291 605 3340 quae
630 3275 739 3326 fato
767 3276 1071 3340 decurrunt,
1097 3277 1182 3329 vel
1210 3278 1503 3329 secundum
1553 3279 1943 3331 elementorum
1983 3282 2182 3333 foedera
2221 3301 2359 3351 prae-

371 3365 552 3408 notata
579 3368 721 3424 sunt,
748 3379 865 3428 quae
903 3380 998 3430 per
1030 3370 1293 3414 astrorum
1335 3371 1530 3429 ortum,
1558 3383 1825 3431 occasum,
1854 3374 1907 3418 et
1944 3374 2153 3418 motum
2195 3368 2357 3437 signi-
