2638 3860
371 433 472 480 100
1078 437 1386 474 GUALrEm
1427 435 1628 471 MAPEs
2043 436 2241 487 [Distinc.
2263 434 2326 475 ΙΙ.

369 587 502 633 esse,
544 568 811 621 divertens
851 573 1031 618 tamen
1071 564 1140 615 ad
1177 558 1359 632 ipsum
1400 560 1647 630 quaesivit
1671 559 1893 612 ubinam
1919 568 2063 614 esset
2094 579 2205 614 rex,
2279 560 2357 612 At

369 653 674 706 Lodovicus
702 671 758 704 se
785 652 951 704 celare
975 650 1181 713 volenS,
1207 649 1298 712 ait,
1362 650 1395 677 “
1414 647 1481 699 In
1507 646 1719 698 modico
1735 645 1823 698 hic
1840 645 1994 710 erit,'³
2014 665 2242 716 cumque
2264 646 2357 698 de-

369 738 662 790 scendisset
697 736 867 800 mileS,
903 753 1184 803 assurgens
1211 733 1260 785 ei
1296 750 1391 785 rex
1433 751 1462 785 e
1507 732 1719 784 diverso
1764 730 1866 782 sibi
1910 732 2134 783 scansile
2178 730 2356 783 tenuit

367 830 430 872 ut
449 839 564 873 mos
580 828 685 886 est,
704 822 831 873 sella
854 838 923 873 ne
942 826 1199 889 vergeret,
1218 818 1515 887 vidensque
1535 816 1761 868 militem
1780 815 2095 885 longissimo
2116 815 2354 868 cinctum

364 905 557 974 gladio,
581 906 737 975 petiit
763 905 865 957 sibi
890 904 1121 969 ostendi,
1147 921 1374 973 cumque
1400 903 1683 954 miraretur
1706 901 2131 970 magnitudinem
2158 908 2214 953 et
2250 901 2359 952 for-

366 1008 509 1042 mam
534 990 695 1059 gladii
721 1009 879 1060 quem
904 990 1112 1042 nudum
1137 988 1373 1054 tenebat,
1400 988 1599 1041 oblitus
1634 986 1929 1056 propositae
1955 986 2250 1050 celationiS,
2275 1003 2359 1037 re-

365 1076 551 1144 galiter
593 1075 683 1140 ait,
733 1079 769 1105 “
783 1075 934 1127 Affer
980 1074 1116 1127 mihi
1162 1072 1399 1143 lapidem
1445 1080 1509 1124 ut
1558 1072 1827 1124 sedeam.”
1902 1072 2110 1133 Franco
2161 1071 2360 1123 timens

365 1159 617 1227 gladium,
661 1158 859 1224 attulit,
902 1165 958 1211 et
999 1157 1214 1227 repetiit
1256 1175 1458 1221 ensem,
1502 1164 1817 1227 tenensque,
1855 1160 1892 1187 “
1908 1157 2122 1222 Refer,’'
2165 1155 2361 1224 inquit,

367 1244 658 1313 “lapidem
683 1244 739 1296 in
776 1244 956 1296 locum
995 1243 1209 1296 suum.''
1283 1243 1419 1307 Rex,
1460 1261 1582 1294 cum
1625 1243 1853 1295 vidisset
1890 1260 2075 1295 ensem
2102 1248 2359 1305 erectum,

367 1328 548 1381 timuit
572 1336 627 1381 et
650 1329 849 1382 retulit.
924 1329 1000 1381 Et
1025 1347 1122 1397 ego
1162 1327 1319 1381 vobis
1360 1346 1424 1380 ex
1467 1328 1573 1381 hoc
1610 1329 1753 1380 facto
1792 1327 2014 1381 notifico
2040 1328 2203 1379 fidem
2229 1327 2360 1378 Wa-

368 1413 616 1479 lensium,
643 1415 787 1483 quod
813 1414 941 1466 dum
967 1413 1220 1465 tenebitis
1246 1430 1431 1466 ensem
1458 1413 1856 1483 supplicabunt,
1894 1433 2019 1466 cum
2043 1413 2148 1482 ipsi
2173 1420 2362 1464 tenue-

368 1500 478 1551 rint
501 1500 859 1569 imperabunt.
921 1500 997 1551 Et
1020 1506 1083 1552 ut
1108 1498 1307 1568 aliquid
1325 1499 1503 1551 sciatis
1530 1517 1636 1567 quo
1663 1499 1871 1552 Franco
1893 1499 2185 1564 devenerit,
2210 1515 2304 1550 rex
2330 1515 2362 1548 a

371 1585 480 1636 suis
523 1585 775 1637 inventus
816 1584 999 1636 statim
1046 1582 1271 1635 retinuit
1318 1599 1444 1634 eum
1492 1582 1750 1652 pavidum
1800 1590 1855 1635 et
1896 1583 2193 1652 fugientem
2235 1600 2360 1634 cum

369 1688 559 1738 magna
583 1669 757 1734 laude,
784 1668 894 1721 suis
931 1669 1166 1720 referens
1207 1686 1366 1737 quam
1403 1667 1572 1736 probe
1610 1686 1876 1738 quamque
1901 1669 2072 1720 facete
2099 1666 2363 1736 coegisset

369 1772 490 1806 eum
515 1754 709 1806 referre
747 1753 998 1823 lapidem,
1024 1760 1080 1805 et
1119 1753 1268 1804 dedit
1293 1771 1418 1805 eum
1458 1752 1744 1823 Crespium
1781 1753 1838 1806 in
1869 1753 2084 1805 Valesio
2110 1752 2168 1804 in
2192 1753 2364 1805 haere-

372 1839 611 1891 ditatem.
688 1840 754 1891 In
779 1839 967 1908 rapina
992 1846 1046 1891 et
1070 1839 1214 1890 furto
1239 1838 1407 1908 gloria
1430 1838 1787 1903 Walensium,
1813 1847 1869 1891 et
1893 1840 2026 1891 adeo
2052 1838 2130 1890 eis
2155 1846 2364 1890 utrum-

372 1942 474 1993 que
498 1923 689 1992 placet,
714 1931 777 1975 ut
801 1923 1185 1993 improperium
1207 1923 1275 1974 sit
1299 1923 1411 1975 filio
1438 1923 1484 1975 si
1508 1931 1660 1992 pater
1686 1923 1800 1976 sine
1819 1924 2039 1976 vulnere
2060 1922 2365 1976 decesserit.

374 2008 535 2060 Unde
553 2008 617 2059 fit
641 2016 703 2060 ut
726 2009 884 2077 pauci
904 2016 1205 2061 canescant.
1282 2008 1633 2060 Proverbium
1652 2008 1727 2060 ibi
1748 2016 1846 2074 est,
1868 2009 1904 2061 J
1907 2008 2094 2061 uvenis
2115 2016 2362 2060 mortuus

373 2100 468 2144 aut
506 2110 670 2144 senex
707 2110 929 2163 pauper,
975 2092 1175 2145 scilicet
1213 2099 1276 2145 ut
1319 2091 1425 2146 cito
1470 2094 1694 2163 quisque
1733 2093 1791 2146 in
1834 2101 2065 2148 mortem
2089 2094 2258 2146 irruat
2293 2111 2364 2146 ne

373 2194 535 2229 senex
559 2177 843 2231 mendicet.

909 2321 991 2371 De
1021 2321 1227 2373 Commo
1251 2322 1363 2373 sine
1374 2338 1593 2388 pavore.
1667 2322 1836 2376 xxiiii.

450 2417 704 2470 Conanus
727 2418 840 2471 sine
865 2437 1080 2488 pavore,
1109 2419 1183 2472 sic
1204 2419 1378 2471 dictus
1400 2420 1523 2489 quia
1541 2439 1808 2490 nusquam
1828 2419 2128 2491 obstupuit,
2152 2419 2367 2491 vispilio

376 2503 589 2572 duxque
626 2503 912 2569 latronum,
957 2505 1182 2557 militem
1228 2524 1388 2574 super
1431 2505 1711 2558 Sabrinam
1741 2514 2051 2558 manentem
2094 2506 2150 2557 in
2179 2507 2368 2559 Glam-

374 2606 593 2657 norgan,
619 2588 793 2640 virum
821 2596 1100 2642 strenuum
1138 2597 1192 2642 et
1226 2590 1611 2656 abundantem,
1646 2591 1873 2660 spoliare
1914 2591 2154 2660 cupienS,
2192 2610 2368 2661 egres-

375 2691 467 2724 sus
506 2682 589 2725 est
633 2673 779 2726 solus
816 2693 1008 2727 nemus
1045 2676 1190 2745 quod
1226 2677 1328 2728 toti
1354 2677 1555 2728 eminet
1591 2677 1900 2745 provinciae,
1926 2677 2097 2728 multa
2122 2695 2285 2728 manu
2309 2677 2367 2728 in

376 2776 594 2810 nemore
620 2757 948 2823 abscondita,
976 2760 1276 2828 struxitque
1301 2760 1577 2812 innocenti
1601 2760 1819 2812 nocivas
1845 2760 2099 2825 insidias3
2138 2780 2368 2831 eumque

379 2844 515 2896 circa
555 2861 836 2912 vesperam
878 2844 1105 2896 vidisset
1144 2844 1372 2896 militem
1411 2845 1480 2896 ad
1520 2844 1742 2896 domum
1790 2846 2033 2914 praedicti
2080 2865 2367 2916 properare

379 2929 562 2980 militis
588 2936 644 2980 et
667 2929 945 2998 praemisso
970 2948 1138 2998 puero
1178 2929 1243 2981 ab
1281 2929 1401 2999 ipso
1426 2930 1484 2981 in
1519 2930 1791 2999 hospitem
1815 2931 1997 3000 recipi,
2022 2949 2267 2984 reversus
2294 2934 2370 2986 ait

382 3013 536 3065 sociis
559 3013 688 3078 suiS,
715 3017 749 3043 “
772 3015 937 3066 Hunc
953 3033 1111 3084 quem
1131 3015 1378 3084 cupimus
1395 3015 1700 3083 depraedare
1725 3015 1950 3069 militem
1966 3017 2197 3070 residere
2217 3018 2372 3072 decet

381 3098 437 3148 in
461 3117 609 3167 pace,
654 3099 891 3168 suscepit
915 3099 1059 3151 enim
1095 3099 1333 3168 hospitio
1372 3099 1597 3152 militem
1624 3101 1715 3170 qui
1742 3100 1842 3152 sub
1869 3102 2088 3154 nomine
2115 3103 2367 3168 caritatiS,

383 3190 446 3233 ut
468 3191 769 3235 nostratum
810 3191 893 3236 est
932 3203 1069 3249 mOS,
1108 3184 1241 3236 illud
1280 3185 1454 3254 petiit,
1493 3185 1761 3255 habetque
1807 3205 1990 3240 secum
2014 3188 2286 3257 hospitem
2310 3188 2369 3239 in

385 3265 502 3333 ipso
530 3267 688 3319 domo
710 3275 895 3320 contra
920 3287 1079 3338 quem
1106 3269 1281 3321 omnis
1308 3278 1391 3322 est
1414 3269 1569 3339 inpar
1595 3272 1956 3341 congressi0.''
2030 3272 2371 3324 Attolluntur

387 3349 442 3399 in
481 3350 657 3418 ipsum
697 3353 764 3403 ad
805 3353 921 3406 haec
958 3353 1120 3407 verba
1156 3355 1339 3407 vultus
1370 3363 1426 3408 et
1461 3355 1732 3410 irrisiones
1771 3357 2030 3422 omnium,
2058 3357 2370 3420 dicentium,
