2638 3860
347 365 417 410 50
1059 371 1370 408 GUALTERI
1411 369 1610 405 MAPEs
2042 369 2236 420 [Distinc.
2262 368 2299 407 1.

344 500 570 570 gignunt
605 499 719 551 haec
755 498 811 550 in
836 496 1046 549 filiabus
1071 496 1179 547 tuis
1223 502 1278 547 et
1301 495 1424 546 filiis
1449 494 1603 558 luciS,
1644 493 2032 562 possessiones,
2069 493 2328 563 patrimo-

344 585 451 648 nia,
477 583 938 645 monasteriorum,
959 579 1299 632 ecclesiarum
1325 578 1391 630 ab
1429 585 1630 630 aeterno
1661 579 1774 629 fore
1813 595 2080 646 possessa,
2107 586 2161 631 et
2179 579 2327 647 juste

344 667 580 731 obtenta,
607 667 878 735 diripiunt,
913 683 1071 716 suum
1109 664 1296 715 dicunt
1333 663 1629 731 proprium,
1670 680 1794 714 cum
1818 662 1895 714 eis
1937 663 2170 715 debeant
2209 679 2327 714 esse

343 770 465 805 cum
491 751 737 803 omnibus
766 748 1082 801 Christianis
1120 748 1300 800 omnia
1343 747 1664 799 communia.
1764 747 1996 798 Romani
2039 747 2171 798 mihi
2212 747 2326 798 lau-

344 837 473 887 dant
496 834 882 898 auctoritatem,
922 834 1007 885 cui
1031 833 1162 903 largi
1204 834 1438 897 fuerunt,
1465 840 1527 883 ut
1551 831 1876 901 privigilium
1916 831 2177 884 referrent
2202 850 2325 883 ava-

339 919 504 983 ritiae3
535 918 719 987 junior
742 917 836 982 fui,
863 918 1063 969 etenim
1089 916 1293 980 senuiff‘
1327 925 1382 969 et
1406 935 1518 968 non
1543 916 1655 968 vidi
1679 933 1972 985 pauperem
1998 917 2191 967 referre
2218 915 2326 984 pri-

340 1003 609 1073 vilegium,
633 1020 732 1055 nec
758 1020 941 1054 semen
966 1003 1081 1072 ejus
1108 1009 1293 1054 contra
1328 1002 1419 1071 jus
1451 1019 1737 1053 commune
1777 1001 2113 1070 singulariter
2154 1000 2325 1069 impe-

342 1096 496 1152 trare,
534 1088 656 1157 quia
680 1088 736 1138 in
767 1105 993 1156 quorum
1032 1085 1280 1138 manibus
1323 1085 1630 1155 iniquitates
1682 1093 1825 1152 sunt,
1871 1086 2090 1138 dextera
2138 1103 2325 1138 eorum

341 1172 541 1240 repleta
566 1179 648 1223 est
666 1171 995 1237 muneribUS‚
1022 1178 1077 1223 et
1102 1170 1242 1240 quia,

838 1291 882 1330 Si
901 1290 1004 1329 nihil
1022 1291 1222 1339 attuleris,
1242 1291 1335 1339 ibis,
1357 1291 1552 1340 Homere,
1574 1292 1699 1331 foras.

342 1385 639 1437 Dominum
688 1385 838 1437 aiunt
886 1385 1127 1437 omnium
1175 1385 1515 1437 ecclesiarum
1557 1405 1770 1455 papam,
1814 1395 1869 1439 et
1909 1386 2016 1456 ipsi
2057 1386 2214 1438 licere
2265 1394 2328 1438 ut

343 1470 534 1521 evellat
559 1477 612 1521 et
638 1469 893 1532 destruat,
933 1470 1160 1522 aedificet
1184 1478 1240 1522 et
1275 1471 1511 1539 plantet3
1551 1472 1730 1540 justos
1772 1478 1953 1523 autem
1998 1489 2055 1523 se
2098 1470 2164 1522 ab
2204 1470 2325 1539 ipso

343 1554 541 1622 rapinae
565 1572 902 1623 possessores
928 1562 1174 1607 asserunt
1194 1574 1207 1605 ι
1251 1555 1390 1606 hanc
1415 1555 1542 1606 alias
1570 1555 1615 1606 si
1639 1556 1774 1607 ratio
1801 1563 1885 1607 est
1907 1555 2018 1606 vidi
2043 1554 2325 1606 rationem.

344 1637 626 1706 Negabant
650 1638 917 1707 principes
943 1639 1247 1691 Lemovicis
1275 1638 1493 1691 domino
1539 1657 1636 1691 suo
1670 1640 1971 1708 Anglorum
2007 1639 2118 1708 regi
2149 1640 2326 1708 justas

342 1722 628 1789 pensiones
655 1730 709 1774 et
735 1723 947 1775 servitia
972 1723 1167 1775 debita.
1236 1725 1354 1776 Rex
1379 1732 1559 1777 autem
1585 1725 1876 1777 exercitum
1896 1725 2126 1789 induxit,
2147 1724 2328 1776 omnia

342 1807 538 1857 vastari
552 1807 769 1875 jubens,
833 1809 1127 1861 Parcebant
1164 1810 1325 1878 aliqui
1351 1827 1417 1860 ex
1442 1810 1660 1862 caritate
1685 1810 2010 1878 pauperibus
2030 1831 2045 1874 3
2084 1810 2173 1861 alii
2197 1828 2325 1862 vero

344 1890 537 1958 quibus
563 1891 804 1959 placebat
828 1893 1078 1962 iniquitas
1106 1893 1485 1962 depraedabant
1527 1894 1723 1958 omnia,
1750 1895 2005 1959 dicenteS,
2033 1896 2212 1946 “Non
2243 1902 2327 1947 est

345 1974 547 2043 rapina,
563 1993 673 2026 non
690 1984 772 2027 est
786 1976 1055 2038 violentia,
1070 1996 1176 2046 pax
1192 1985 1275 2029 est
1292 1986 1346 2030 et
1362 1978 1666 2030 obedientia
1683 1979 1827 2048 quod
1842 1979 2068 2031 facimus
2087 2001 2098 2031 ε
2122 1980 2326 2032 domini

344 2058 482 2126 regis
508 2066 591 2110 est
615 2066 770 2124 terra,
795 2079 894 2112 nos
921 2062 1037 2130 ejus
1064 2062 1322 2131 operarii3
1360 2081 1563 2115 merces
1589 2071 1774 2115 nostra
1811 2072 1894 2116 est
1929 2065 2045 2117 haec
2067 2084 2079 2116 ε
2118 2065 2326 2135 indigni

347 2149 475 2193 sunt
497 2142 573 2193 hii
597 2142 689 2211 qui
726 2144 836 2212 regi
862 2146 1233 2198 contradicunt
1275 2146 1493 2215 injuste,
1520 2166 1618 2199 nos
1659 2156 1839 2200 autem
1884 2150 2030 2218 digni
2061 2150 2152 2219 qui
2188 2168 2326 2219 prae-

345 2226 513 2295 ceptis
552 2227 666 2294 ejus
703 2226 1070 2280 insudamus‚''
1145 2230 1409 2299 Nunquid
1433 2250 1543 2283 non
1568 2233 1684 2284 haec
1714 2219 1900 2285 eorum
1933 2253 2039 2287 vox
2067 2235 2158 2303 qui
2185 2235 2327 2287 deci-

343 2328 457 2361 mas
497 2311 760 2375 auferunt,
802 2312 893 2380 qui
933 2331 989 2365 se
1030 2308 1217 2365 dicunt
1259 2314 1540 2380 Hebraeos,
1578 2334 1678 2367 nos
1719 2325 1898 2369 autem
1933 2319 2240 2388 AEgyptios,
2269 2338 2326 2372 se

342 2394 481 2446 filios
518 2395 669 2457 luciS‚
702 2413 801 2447 nos
842 2397 1219 2450 tenebrarum?
1294 2398 1413 2450 Nos
1454 2408 1595 2452 certe
1637 2401 1817 2453 flendo
1862 2403 2199 2468 confitemur,
2225 2423 2326 2457 nos

344 2479 592 2531 omnibus
619 2480 866 2549 indignos
891 2482 1066 2548 boniS,
1087 2491 1141 2535 et
1167 2483 1394 2536 scientes
1417 2484 1539 2553 quia
1558 2486 1810 2555 magister
1835 2495 2020 2540 noster
2039 2507 2160 2540 cum
2187 2490 2327 2559 pub-

342 2564 526 2615 licanis
566 2572 620 2616 et
662 2567 1029 2634 peccatoribus
1068 2569 1372 2633 manducat,
1398 2577 1453 2620 et
1477 2587 1588 2621 non
1613 2570 1763 2623 venit
1798 2590 1988 2625 vocare
2022 2574 2203 2641 justos
2231 2576 2326 2626 sed

344 2653 711 2716 peccatoreS,†
735 2651 1079 2717 poenitemuS,
1110 2661 1164 2705 et
1188 2654 1399 2705 veniam
1426 2653 1492 2705 ab
1517 2654 1637 2722 ipso
1663 2672 1957 2723 precamur.
2036 2656 2175 2708 Cum
2202 2677 2327 2728 ergo

344 2752 454 2784 non
479 2734 635 2785 liceat
660 2735 888 2786 ethnicis
914 2735 1106 2788 inferre
1132 2737 1461 2800 violentiam,
1485 2738 1573 2789 vel
1610 2738 1772 2789 etiam
1812 2740 1878 2791 ad
1918 2740 2082 2792 fidem
2121 2761 2325 2811 cogere,

345 2819 614 2886 quomodo
658 2837 792 2888 quos
834 2820 986 2871 Deus
1028 2821 1254 2890 suscipit
1295 2822 1583 2891 spernendi
1610 2831 1739 2875 sunt
1763 2832 1818 2876 et
1845 2825 2148 2894 spoliandi?
2216 2828 2326 2880 Cor

345 2904 633 2955 contritum
672 2911 727 2956 et
758 2905 1099 2957 humiliatum
1125 2907 1278 2959 Deus
1323 2914 1506 2959 noster
1547 2925 1658 2959 non
1698 2910 1976 2979 despicit,‡
2020 2910 2111 2980 qui
2149 2919 2204 2964 et
2231 2931 2327 2965 sua

400 3124 424 3146 ²*
456 3122 589 3161 Psalm
608 3125 742 3163 xxxvi.
765 3126 831 3164 25.
888 3126 914 3164 J
920 3126 1038 3166 unior
1058 3127 1132 3175 fui,
1153 3127 1303 3166 etenim
1413 3128 1442 3174 †
1469 3127 1571 3167 Luc.
1591 3142 1630 3167 v.
1658 3131 1726 3168 32.
1784 3130 1882 3170 Non
1901 3132 1994 3171 veni
2022 3144 2161 3172 vocare
2174 3132 2324 3183 justos,

348 3189 475 3234 senui,
496 3194 536 3227 et
564 3203 643 3228 non
664 3192 745 3230 vidi
773 3193 927 3241 justum
960 3194 1211 3243 derelictum,
1228 3208 1303 3235 nec
1358 3195 1429 3234 sed
1448 3200 1680 3246 peccatores
1699 3198 1749 3236 ad
1768 3199 2068 3249 poenitentiam.

350 3267 485 3292 semen
505 3256 589 3304 ejus
608 3270 789 3307 quaerens
808 3272 965 3309 panem.
1414 3263 1437 3309 ἶ
1468 3263 1602 3302 Psalm
1621 3264 1646 3301 i.
1668 3267 1733 3305 19.
