2638 3860
1309 366 1405 425 107

990 880 1390 935 GUALTERI
1430 880 1690 934 MAPES

584 1054 748 1130 DE
827 1050 1230 1129 NUGIS
1314 1051 2073 1132 CURIALIUM

975 1241 1388 1291 DISTINCTIO
1426 1242 1711 1291 TERTIA.

918 1589 1121 1658 Incipit
1147 1593 1327 1646 tertia.
1402 1593 1680 1661 ProloyuS.
1729 1590 1767 1644 i.

338 1701 478 1756 CUM
521 1721 551 1756 a
592 1703 778 1774 palatii
804 1704 1145 1759 descendunt
1187 1707 1413 1777 palatini
1449 1707 1682 1778 negotiis
1708 1704 1967 1777 regalium
1993 1721 2219 1774 operum
2242 1701 2344 1755 im-

335 1789 622 1842 mensitate
649 1790 865 1856 defessi,
890 1791 1069 1861 placet
1093 1792 1170 1845 eis
1198 1794 1266 1846 ad
1290 1794 1583 1846 humilium
1620 1792 1866 1846 inclinari
1892 1790 2178 1860 colloquia,
2203 1787 2344 1840 ludi-

334 1874 543 1945 crisque
561 1877 738 1929 levare
754 1877 996 1946 pondera
1017 1877 1299 1932 seriorum.
1343 1880 1469 1932 Hoc
1487 1879 1588 1932 tibi
1612 1879 1770 1932 vultu
1788 1879 2014 1948 placeat,
2033 1895 2157 1929 cum
2174 1894 2205 1926 a
2223 1873 2348 1943 phi-

332 1959 595 2030 losophiae
639 1963 728 2015 vel
771 1963 967 2017 divinae
993 1964 1202 2035 paginae
1242 1973 1436 2018 senatu
1471 1964 1836 2035 respiraveriS‚
1862 1961 2155 2016 voluminis
2180 1960 2345 2029 hujus

331 2045 600 2101 innobiles
638 2056 695 2103 et
733 2068 1004 2120 exangues
1045 2050 1279 2122 ineptias
1313 2052 1401 2105 vel
1426 2051 1611 2104 audire
1654 2051 1742 2104 vel
1783 2050 1958 2119 legere
1998 2044 2344 2101 recreationis

334 2139 389 2184 et
413 2132 527 2184 ludi
551 2135 737 2204 gratia.
814 2136 945 2189 Non
971 2137 1117 2189 enim
1142 2137 1244 2190 fori
1269 2137 1392 2190 lites
1419 2146 1514 2190 aut
1538 2137 1862 2208 placitorum
1889 2141 2155 2204 attempto
2177 2131 2344 2195 seria3

334 2218 607 2271 theatrum
633 2228 690 2273 et
715 2239 935 2274 arenam
961 2222 1139 2275 incolo
1178 2224 1357 2276 nudus
1383 2224 1535 2294 pugil
1560 2231 1616 2276 et
1640 2221 1880 2287 inermiS‚
1902 2238 2063 2290 quem
2088 2219 2146 2270 in
2172 2234 2344 2269 arma-

331 2310 419 2355 tos
446 2304 866 2359 obtrectantium
893 2326 1094 2361 cuneos
1120 2309 1285 2362 talem
1309 2310 1453 2362 ultro
1480 2309 1677 2362 misisti
1702 2309 1995 2368 theatrum,
2021 2313 2203 2356 tamen
2236 2302 2342 2353 hoc

333 2397 388 2442 et
412 2391 552 2443 hanc
577 2410 794 2444 arenam
833 2393 878 2445 si
918 2393 1056 2447 Cato
1083 2395 1383 2448 visitaverit
1417 2402 1512 2447 aut
1538 2394 1719 2464 Scipio
1745 2394 1832 2447 vel
1858 2399 2102 2460 uterque,
2125 2388 2341 2442 veniam

334 2494 491 2546 spero
519 2477 648 2529 dum
674 2497 787 2530 non
814 2479 1056 2534 districte
1089 2481 1353 2550 judicent.
1432 2480 1677 2534 Scribere
1709 2478 1872 2549 jubes
1898 2474 2130 2547 posteris
2157 2492 2338 2527 exem-

330 2562 421 2632 pla
447 2563 643 2632 quibus
683 2565 771 2617 vel
804 2565 1117 2634 jocunditas
1144 2568 1409 2620 excitetur
1447 2567 1536 2621 vel
1575 2565 1869 2619 aedificetur
1912 2562 2105 2615 ethica.
2181 2558 2338 2612 Licet

328 2647 664 2718 impossibile
680 2650 813 2702 mihi
834 2652 906 2703 sit
929 2652 1033 2705 hoc
1058 2654 1394 2720 mandatum,
1422 2653 1546 2723 quia
1570 2669 1775 2722 pauper
1798 2656 1960 2720 poeta
1985 2646 2159 2700 nescit
2183 2652 2335 2698 antra

329 2751 624 2800 musarum,
664 2754 777 2788 non
823 2737 1036 2790 difficile
1068 2738 1244 2808 legere
1281 2739 1369 2792 vel
1395 2738 1625 2792 scribere
1664 2736 1810 2807 quod
1845 2733 2004 2788 bonis
2044 2751 2140 2785 sua
2175 2731 2337 2783 faciat

329 2819 461 2871 utile
487 2819 724 2886 bonitaS,
751 2841 874 2875 cum
901 2823 1083 2876 omnia
1119 2824 1278 2877 bonis
1318 2831 1674 2894 cooperentur
1710 2823 1768 2874 in
1804 2822 2029 2884 bonum,
2052 2836 2152 2870 nec
2178 2824 2332 2869 terrae

327 2902 486 2956 bonae
504 2906 757 2959 mandare
785 2907 992 2960 semina
1017 2926 1137 2978 quae
1162 2909 1467 2979 proficiant.
1509 2910 1617 2963 Sed
1636 2908 1755 2978 quis
1772 2907 2011 2959 animum
2026 2921 2258 2973 nequam
2278 2908 2334 2954 et

329 2988 593 3042 discolum
644 2994 869 3058 excolat,
914 3013 1039 3047 cum
1084 2996 1226 3048 dicat
1272 2996 1551 3065 scriptura,
1577 2996 1811 3048 Acetum
1850 2994 1907 3045 in
1943 2992 2106 3056 nitr0,
2148 2997 2203 3042 et
2240 2988 2333 3058 qui

328 3082 509 3128 cantat
533 3078 770 3133 carmina
794 3081 942 3134 cordi
967 3082 1260 3152 pessima*
1287 3082 1541 3135 Carmina
1583 3081 1818 3135 cantavit
1844 3079 2056 3145 Sadius‚
2084 3077 2130 3131 si
2153 3078 2331 3148 placet

326 3160 525 3214 audire.

1058 3335 1083 3359 ’ἓ
1113 3334 1231 3375 Prov.
1251 3346 1345 3375 xxv.
1368 3336 1435 3375 20.
