2638 3860
320 415 388 463 94
970 443 972 446 ψ
1039 421 1352 460 GUALTERI
1391 420 1593 458 MAPEs
1998 423 2197 474 [Distinc.
2217 424 2283 466 11.

318 552 467 622 piger
485 550 534 603 ei
550 549 828 603 abscondit
842 547 1054 601 interim
1075 548 1350 617 cnipulum
1368 547 1468 599 sub
1486 545 1858 616 pectore,etab
1874 545 1993 617 ipso
2011 548 2174 600 alium
2192 567 2309 602 sus-

320 638 461 706 cepit
480 636 752 705 cnipulum
772 652 867 704 per
882 634 1119 686 medium
1141 633 1493 702 scapularum.
1548 630 1898 683 Occumbunt
1916 649 2041 701 ergo
2062 642 2308 702 quatuor,

318 723 412 774 sed
436 722 550 790 ipse
576 721 720 772 solus
747 719 931 784 evasit,
957 727 1012 771 et
1037 738 1067 770 a
1093 719 1204 770 suis
1223 719 1476 770 inventus
1497 717 1564 768 ad
1582 716 1920 769 securitatem
1943 735 2000 769 se
2017 719 2310 770 transtulit.

314 806 464 856 Vixit
482 805 623 856 idem
642 803 782 855 inter
797 811 879 855 tot
893 802 1127 872 pericula
1143 802 1510 855 discriminum
1527 820 1698 870 usque
1720 801 1787 853 ad
1804 802 2032 867 senium,
2053 810 2108 854 et
2122 802 2189 854 ab
2209 803 2310 855 hu-

307 889 545 959 jusmodi
570 888 781 941 casibus
806 889 943 940 forte
971 888 1174 940 dictum
1202 895 1286 940 est
1311 888 1539 939 militare
1565 886 1930 956 proverbium,
1956 890 1989 917 ‘⁶
2010 887 2178 939 Vadis
2202 905 2309 957 quo

312 975 411 1039 viS,
444 973 685 1026 morieris
711 973 805 1025 ubi
832 973 1048 1037 debeS,''
1075 981 1331 1043 tanquam
1358 972 1532 1042 quivis
1561 979 1749 1041 posset
1772 972 1829 1024 in
1856 990 2073 1024 omnem
2110 973 2311 1026 irruere

311 1067 557 1123 mortem,
594 1067 650 1111 et
673 1077 781 1111 non
808 1059 1102 1129 praevenire
1128 1059 1269 1111 diem
1298 1077 1473 1111 suum.
1549 1059 1767 1111 Bonum
1793 1065 1877 1111 est
1894 1066 1957 1111 ut
1981 1058 2178 1112 milites
2205 1059 2310 1112 hoc

311 1144 528 1196 credant
552 1144 620 1196 ad
645 1143 986 1196 excitandum
1013 1151 1068 1197 et
1090 1143 1429 1196 imitandum.

884 1283 965 1333 De
990 1282 1217 1334 moribus
1249 1283 1582 1334 Walensium.
1657 1300 1747 1334 xx.

386 1394 770 1463 Compatriotae
808 1394 978 1446 nostri
1025 1394 1324 1459 VValenseS,
1367 1414 1491 1447 cum
1536 1395 1757 1448 omnino
1799 1395 1908 1447 sint
1950 1395 2195 1449 infideles
2238 1397 2307 1449 ad

311 1498 498 1532 omnes
533 1489 644 1532 tam
669 1480 736 1530 ad
766 1479 994 1532 invicem
1023 1498 1183 1549 quam
1209 1481 1276 1532 ad
1301 1480 1452 1544 alios,
1477 1480 1634 1550 probi
1659 1488 1840 1533 tamen
1868 1489 2013 1546 sunt,
2046 1501 2157 1534 non
2184 1483 2304 1536 dico

311 1566 506 1619 virtute
531 1564 660 1617 boni
678 1565 764 1616 vel
782 1564 985 1616 viribus
1006 1565 1280 1634 praecipui,
1299 1565 1393 1617 sed
1413 1565 1699 1617 acerbitate
1718 1565 2071 1635 impugnandi
2091 1574 2145 1619 et
2161 1585 2305 1620 acre-

312 1651 434 1702 dine
458 1649 759 1714 resistendi,
790 1650 903 1701 sola
929 1650 1130 1702 scilicet
1153 1650 1496 1719 improbitate
1521 1650 1695 1720 probi,
1720 1651 1847 1703 vitae
1884 1651 2110 1721 prodigi,
2147 1651 2308 1704 liber-

309 1735 433 1788 tatis
483 1735 642 1800 avari‚
692 1735 838 1804 pacis
888 1735 1234 1804 neglectoreS,
1283 1735 1524 1788 bellicosi
1573 1736 1839 1805 armisque
1888 1737 2202 1806 prudenteS‚
2252 1746 2308 1791 et

307 1821 557 1874 vindictae
575 1820 732 1884 avidi,
750 1821 991 1872 omnium
1015 1839 1193 1873 rerum
1222 1821 1522 1890 largissimi,
1544 1821 1785 1874 ciborum
1813 1821 1915 1873 sibi
1941 1822 2167 1891 quisque
2186 1841 2307 1892 par-

311 1907 574 1970 cissimUS,
591 1913 646 1957 et
670 1906 840 1957 carnis
862 1906 949 1957 alii
969 1907 1189 1970 effuSUS,
1204 1915 1267 1958 ut
1291 1907 1579 1974 cujuslibet
1597 1907 1849 1959 alimenta
1875 1908 2134 1976 cujusque
2162 1908 2304 1974 sint3

312 2000 367 2044 et
391 1992 610 2043 omnino
636 1991 814 2042 nullus
839 1991 980 2043 inter
1004 2009 1096 2043 eos
1123 2000 1325 2060 quaerat
1360 2010 1574 2061 panem,
1614 1992 1709 2044 sed
1747 1992 1862 2044 sine
1898 1993 1993 2044 lite
2022 2002 2199 2045 sumat
2223 1994 2306 2045 in-

309 2084 549 2139 ventum,
576 2083 631 2126 et
667 2075 918 2145 quicquid
953 2076 1266 2129 victualium
1304 2077 1370 2129 ad
1397 2096 1548 2130 esum
1575 2085 1773 2147 praesto
1799 2079 2052 2148 repperit.
2126 2080 2202 2131 Et
2235 2097 2305 2132 ne

310 2160 553 2229 redargui
589 2159 803 2228 possint
839 2161 1091 2226 avaritiae,
1141 2169 1290 2213 tanta
1326 2162 1559 2215 retinent
1596 2164 1916 2215 verecundia
1952 2165 2210 2233 largitatis
2250 2173 2305 2218 et

308 2244 687 2313 hospitalitatis
724 2246 1091 2310 reverentiam,
1117 2254 1180 2298 ut
1222 2254 1346 2298 ante
1385 2247 1526 2298 diem
1564 2247 1781 2299 tertium
1819 2266 1979 2300 nemo
2007 2258 2210 2319 quaeret
2235 2250 2302 2303 ab

308 2330 519 2397 hospite
559 2338 808 2399 suscepto
846 2331 991 2382 unde
1030 2332 1101 2382 sit
1142 2332 1229 2383 vel
1267 2331 1403 2400 quiS,
1441 2350 1510 2384 ne
1552 2351 1792 2402 unquam
1817 2334 2099 2387 erubescat
2122 2337 2209 2388 vel
2234 2337 2301 2390 de

308 2414 521 2466 licentia
568 2414 794 2466 molesta
850 2415 1210 2483 suspicionem
1250 2416 1413 2468 habet
1452 2436 1483 2468 a
1533 2426 1863 2487 susceptore,
1920 2421 2004 2472 vel
2054 2429 2301 2490 oporteat

306 2499 485 2568 ipsum
510 2498 914 2551 advocationem
939 2500 1281 2568 respondere,
1307 2508 1370 2552 ut
1394 2509 1546 2554 tutus
1573 2503 1756 2556 sedeat
1781 2504 1847 2557 ab
1873 2504 2118 2575 imperio.
2194 2507 2300 2559 Die

307 2592 484 2638 autem
509 2584 665 2636 tertia
688 2584 813 2636 licet
837 2593 1140 2638 reverenter
1165 2605 1417 2655 quaerere.

805 2725 886 2773 De
905 2725 1258 2790 hospitalitate
1284 2726 1619 2779 Walensium.
1692 2727 1803 2779 xxi.

380 2820 581 2872 Contra
604 2822 750 2873 hunc
776 2840 981 2874 morem
1008 2823 1233 2892 contigit
1257 2831 1320 2876 ut
1345 2825 1561 2893 quidam
1601 2825 1812 2878 illarum
1844 2827 2080 2896 partium
2114 2829 2299 2900 hospi-

307 2913 414 2957 tem
442 2905 694 2974 suscepit,
732 2906 957 2975 ipsoque
986 2907 1171 2960 relicto
1204 2908 1368 2972 domi,
1405 2916 1622 2978 sumpta
1653 2910 1837 2963 lancea
1870 2931 2028 2966 mane
2062 2915 2205 2968 facto
2239 2917 2297 2968 in

308 2991 509 3059 agenda
535 3009 629 3042 sua
653 2991 902 3060 perrexit,
929 2999 984 3044 et
1009 2994 1346 3061 pernoctavit
1371 2994 1516 3058 aliaS,
1536 3003 1591 3047 et
1617 2998 1853 3051 secundo
1870 3018 2027 3052 mane
2052 3019 2298 3055 reversus

308 3092 418 3125 non
442 3074 661 3127 invento
688 3094 848 3146 quem
875 3077 1145 3145 quaerebat
1169 3078 1383 3148 hospite
1411 3080 1601 3148 quaerit
1625 3081 1692 3133 ab
1722 3101 1889 3136 uxore
1915 3104 2021 3155 quo
2053 3087 2299 3141 devenis-

312 3166 408 3208 set.
481 3160 556 3210 At
579 3160 685 3225 illa,
717 3164 750 3189 “
766 3161 803 3213 J
806 3162 990 3214 acebat
1010 3163 1261 3228 diluculo,
1288 3172 1342 3216 et
1367 3173 1551 3234 aperto
1578 3174 1764 3220 contra
1791 3187 1847 3221 se
1874 3171 2053 3224 hostio
2077 3172 2298 3242 visaque

311 3249 626 3309 tempestate
653 3245 882 3296 maxima
915 3254 1201 3299 ventorum
1242 3258 1297 3300 et
1328 3249 1554 3315 nivium,
1587 3251 1679 3317 ait,
1720 3254 1873 3306 Deus
1913 3255 2084 3309 bone!
2135 3276 2296 3326 quam

311 3324 605 3394 periculosa
642 3330 900 3395 procella!
941 3339 996 3384 et
1025 3350 1122 3401 ego
1153 3335 1425 3404 respondi,
1464 3336 1638 3390 Modo
1671 3338 1799 3392 facit
1826 3339 2033 3393 bonum
2065 3343 2294 3411 perhen-
