2638 3860
361 389 459 435 154
1017 399 1021 403 ·
1073 391 1385 427 GUALTERI
1415 388 1615 424 MAPsss
2019 387 2215 437 [Distinc.
2241 386 2317 425 lv.

355 547 519 591 tatem
562 537 838 598 inducunt,
865 539 919 583 et
955 538 1105 582 tuam
1162 531 1365 580 faciunt
1406 535 1469 580 ut
1513 526 1717 578 dudum
1744 525 2073 578 caecutientis
2119 524 2345 583 Maeonii

357 623 719 689 suaviloquam
761 624 1107 692 senectutem.
1183 614 1307 666 Jam
1348 632 1457 665 non
1496 611 1765 680 corporeis
1802 611 1988 675 oculiS,
2016 611 2110 663 sed
2150 610 2345 680 quibus

355 707 520 775 angeli
566 703 861 757 Dominum
886 701 1072 753 vident
1110 699 1288 768 ipsum
1328 706 1382 750 et
1427 717 1522 749 sua
1561 697 1742 749 videas
1781 703 1835 747 et
1862 695 2257 765 contempleris,
2283 703 2347 746 ut

352 808 447 858 per
482 790 576 839 has
603 786 848 839 tenebras
886 792 939 836 te
976 784 1232 853 perducat
1269 783 1326 833 in
1357 781 1665 833 admirabile
1691 782 1873 831 lumen
1901 798 2077 842 suum,
2105 779 2196 847 qui
2221 797 2343 831 cum

354 876 472 926 Deo
502 875 654 925 Patre
681 880 734 923 et
761 871 895 922 Filio
918 878 972 921 et
990 869 1193 938 Spiritu
1215 868 1411 920 Sancto
1429 867 1563 920 vivit
1588 875 1642 919 et
1663 873 1848 935 regnat
1875 865 2026 916 Deus
2044 882 2139 933 per
2160 865 2345 916 'omnia

359 960 532 1012 secula
559 959 874 1010 seculorum.
946 956 1139 1007 Amen.

426 1046 550 1097 Jam
576 1044 840 1112 incipiunt
881 1050 1092 1110 torpere
1129 1040 1313 1103 lividi3
1352 1039 1716 1091 meminerunt
1753 1037 1969 1107 quidem
2013 1035 2141 1105 quid
2181 1034 2345 1104 scrip-

356 1130 499 1192 serit,
540 1129 861 1197 resipiscunt
886 1134 940 1178 et
977 1126 1241 1195 poenitent
1282 1125 1427 1193 digni
1468 1136 1609 1176 certe
1650 1124 1822 1193 poenis
1865 1122 2211 1191 Empedoclis
2262 1121 2347 1173 vel

354 1215 597 1267 Eudonis
625 1213 953 1283 poenitentia.
1032 1212 1168 1265 Quis
1215 1211 1572 1279 Empedocles
1598 1211 1684 1262 vel
1727 1229 1832 1278 qua
1871 1227 2031 1277 poena
2059 1206 2347 1260 decesserit

352 1300 519 1369 liquet
542 1300 599 1350 in
625 1298 961 1350 auctoribus:
1002 1298 1096 1349 sed
1123 1296 1167 1347 si
1192 1296 1367 1365 placet
1393 1295 1677 1346 Eudonem
1705 1293 2001 1344 audiamus.

754 1550 834 1599 De
861 1548 1075 1599 Eudone
1090 1563 1254 1613 puero
1280 1563 1315 1596 a
1340 1546 1560 1596 doemone
1585 1545 1807 1610 decepto.
1882 1542 1953 1594 vi.

429 1733 590 1785 Miles
636 1734 850 1802 quidam
889 1751 953 1784 ex
989 1733 1074 1784 his
1120 1732 1211 1801 qui
1256 1729 1509 1783 dominici
1548 1729 1798 1781 dicuntur
1822 1728 1879 1780 in
1923 1728 2160 1788 Francia,
2190 1727 2348 1780 baro-

353 1836 447 1869 nes
491 1819 543 1869 in
587 1819 794 1887 Anglia‚
831 1820 1000 1870 filium
1039 1819 1257 1870 unicum
1285 1817 1570 1868 Eudonem
1606 1815 1874 1866 haeredem
1901 1814 2114 1883 reliquit
2140 1813 2349 1864 divitia·

353 1920 472 1953 rum
507 1921 815 1970 magnarum
841 1903 896 1952 in
925 1902 1152 1954 castellis
1181 1909 1234 1952 et
1259 1901 1389 1952 vicis
1417 1909 1471 1951 et
1495 1900 1793 1951 redditibus
1836 1899 2087 1968 copiosis,
2119 1917 2345 1967 puerum

354 2006 630 2056 procerum
658 1997 711 2039 et
735 1989 1036 2057 pulchrum,
1059 1989 1151 2039 sed
1171 1988 1422 2055 ignavum
1444 1994 1497 2038 et
1518 1986 1792 2050 stolidum,
1809 1985 2091 2054 magnique
2108 1985 2349 2053 prodito-

322 2089 326 2095 ·
356 2091 468 2124 rem
517 2073 841 2141 patrimonii.
919 2073 1055 2124 Cum
1099 2090 1223 2140 ergo
1266 2071 1462 2122 stultus
1504 2077 1557 2121 et
1599 2069 1752 2138 copia
1788 2088 1899 2121 non
1944 2076 2346 2133 consenescant,

353 2157 523 2209 factus
550 2166 632 2209 est
656 2158 711 2208 in
738 2158 973 2209 derisum
1019 2158 1179 2208 Eudo
1222 2156 1429 2219 vicinis,
1456 2163 1510 2206 et
1547 2156 1831 2207 haereditas
1857 2155 1972 2224 ejus
1999 2154 2102 2206 illis
2129 2154 2184 2205 in
2211 2173 2348 2223 prae-

358 2243 498 2294 dam.
575 2243 808 2311 Singulis
846 2243 1007 2311 igitur
1030 2241 1366 2311 portionibus
1395 2241 1504 2292 suis
1531 2241 1726 2310 areptis
1753 2248 1808 2293 et
1828 2241 2066 2310 direptis,
2093 2241 2350 2309 expulsus

355 2334 438 2378 est
463 2327 656 2389 fatuus,
684 2334 737 2377 et
770 2327 971 2378 divisus
999 2346 1028 2377 a
1053 2326 1266 2395 propria
1291 2325 1523 2394 regione,
1550 2343 1659 2394 prae
1691 2326 1895 2394 pudore
1935 2326 2225 2394 transfuga,
2253 2326 2352 2377 cir-

356 2412 465 2463 cuit
502 2413 624 2463 exul
650 2412 862 2464 alienas.
906 2412 1009 2463 Cui
1050 2420 1174 2481 post
1214 2412 1476 2463 diutinam
1503 2411 1729 2481 contigit
1754 2412 2153 2464 mendicitatem
2178 2419 2241 2463 ut
2266 2411 2352 2463 die

358 2494 583 2563 quadam
616 2502 764 2546 extra
790 2494 1058 2546 civitatem
1098 2494 1153 2544 in
1198 2513 1300 2562 qua
1341 2494 1735 2546 mendicaverat
1760 2513 1882 2546 cum
1921 2494 2230 2562 fragmentis
2257 2512 2350 2562 pa-

357 2597 485 2629 num
514 2578 595 2628 sui
629 2586 864 2646 quaestus
901 2578 1000 2629 sub
1040 2579 1230 2629 umbra
1267 2578 1524 2647 proximae
1564 2578 1710 2630 silvae
1749 2578 2058 2646 quiesceret,
2085 2579 2351 2646 inspecta-

357 2680 457 2731 que
482 2662 654 2714 victus
680 2663 830 2713 exilis
857 2671 911 2713 et
934 2662 1108 2713 viliter
1135 2662 1421 2731 conquisiti
1447 2663 1587 2713 foeda
1611 2662 1890 2725 tenuitate,
1909 2661 2002 2712 sed
2028 2669 2082 2712 et
2107 2662 2348 2714 recorda-

359 2757 415 2798 to
449 2755 705 2816 quantum
733 2748 1017 2815 degeneret
1041 2755 1096 2799 et
1133 2766 1291 2816 quam
1327 2747 1710 2799 inconveniens
1738 2747 1808 2798 sit
1829 2765 1925 2798 suo
1952 2755 2237 2816 paupertas
2262 2767 2355 2816 ge-

362 2833 491 2897 neri,
511 2833 812 2902 prorumpit
845 2834 897 2884 in
926 2834 1222 2902 lachrymas
1250 2841 1304 2884 et
1328 2833 1382 2884 in
1408 2834 1642 2885 lamenta
1669 2851 1724 2884 se
1750 2832 1979 2902 projicit,
2014 2831 2178 2883 micas
2204 2833 2356 2902 pellit

362 2926 416 2969 et
447 2919 727 2983 crustulas,
753 2920 1036 2988 vestesque
1066 2919 1356 2988 respiciens
1385 2919 1452 2969 ad
1476 2918 1874 2988 pannositatem
1911 2926 2150 2983 nauseat,
2188 2919 2354 2988 pallet

365 3005 430 3055 ad
480 3004 739 3073 pitatiam,
777 3006 888 3074 jam
933 3024 988 3057 se
1031 3005 1192 3056 vilem
1238 3005 1410 3057 sciens
1452 3004 1719 3069 omnibuS,
1757 3004 1874 3074 ipse
1914 3004 2017 3056 sibi
2054 3005 2262 3058 vilescit
2301 3014 2356 3059 et

368 3090 563 3154 sordet,
589 3098 643 3142 et
670 3091 713 3142 si
741 3110 796 3143 se
831 3091 1005 3160 possit
1031 3092 1260 3160 effugere
1304 3109 1415 3142 non
1456 3099 1702 3160 expectet
1728 3094 1878 3144 sedet
1903 3109 2118 3160 ancePS,
2145 3099 2199 3144 et
2223 3092 2356 3143 fiuc-

368 3180 483 3224 tuat
508 3183 561 3226 et
594 3195 658 3227 ex
683 3177 1058 3229 incertitudine
1086 3177 1168 3228 sui
1195 3175 1506 3246 deportatur
1531 3177 1597 3229 ab
1623 3178 1742 3247 ipso
1768 3177 2066 3246 flagitiosus
2088 3178 2319 3229 -animus
2338 3199 2354 3243 3

371 3275 491 3308 cum
525 3278 643 3311 ecce
671 3261 878 3312 subitus
905 3263 953 3314 ei
986 3263 1064 3313 vir
1098 3270 1237 3314 astat
1262 3263 1409 3314 mirae
1435 3263 1818 3332 magnitudinis
1845 3271 1900 3315 et
1926 3264 2094 3315 multa
2118 3262 2356 3314 foeditate

371 3342 520 3393 faciei
552 3346 816 3411 terribilis,
845 3348 992 3399 suavi
1017 3355 1197 3400 tamen
1224 3356 1278 3399 et
1322 3348 1517 3400 blande
1556 3349 1683 3400 satis
1709 3349 1886 3418 ipsum
1915 3348 2180 3400 confidere
2200 3347 2358 3416 jubet
