2638 3860
385 399 484 459 178
1079 409 1388 445 GUALTERI
1431 409 1631 444 MAPEs
2041 407 2239 458 [Distinc.
2263 406 2346 446 IV.

383 540 519 591 dis.*
566 539 631 591 In
659 538 850 590 scrinio
875 536 1006 587 illud
1030 535 1287 586 altissime
1313 534 1556 586 vinctum
1583 532 1824 602 deponit,
1862 533 2015 602 cujus
2043 531 2368 585 confidentia

383 624 514 675 mari
533 624 714 676 relicto
731 630 924 674 terram
943 621 1165 683 invadit,
1183 628 1236 672 et
1252 619 1663 689 quibuscunque
1680 617 1987 670 civitatibus
2007 626 2101 669 aut
2116 618 2247 670 vicis
2267 617 2369 669 im-

384 708 566 772 minet,
596 708 938 776 Gorgoneum
960 706 1246 775 praetendit
1277 712 1569 767 ostentum,
1587 703 1931 772 obrigescunt
1956 703 2155 768 miseri,
2180 703 2368 756 vident

381 791 548 843 instar
588 791 833 843 Medusae
870 790 1142 847 malitiam.
1221 789 1394 858 Supra
1419 789 1642 840 modum
1669 788 1905 851 timetur,
1933 794 1987 838 et
2013 786 2080 838 ab
2115 786 2369 838 omnibus

381 877 437 927 in
464 877 741 929 dominum
766 877 1041 946 accipitur,
1067 894 1134 928 ne
1160 882 1399 945 pereant.
1473 875 1652 926 Nemo
1680 892 1897 925 causam
1922 873 2175 942 intelligit
2198 872 2371 942 pestis

380 961 565 1014 invisae
610 962 905 1032 subitaeque
948 962 1153 1014 mortis,
1230 961 1404 1013 Simul
1446 960 1591 1011 enim
1630 959 1817 1012 vident
1866 967 1921 1011 et
1964 965 2209 1028 pereunt,
2254 957 2370 1009 sine

381 1065 529 1111 voce,
548 1048 660 1100 sine
697 1048 900 1118 gemitu
919 1069 934 1113 3
973 1048 1029 1099 in
1054 1046 1467 1117 propugnaculis
1494 1045 1654 1098 etiam
1683 1045 1797 1096 sine
1823 1045 2042 1097 vulnere
2068 1045 2372 1096 moriuntur

381 1134 585 1198 armati,
611 1135 809 1186 cedunt
834 1142 1022 1198 castra,
1039 1133 1298 1197 civitateS,
1325 1132 1632 1201 provinciae,
1658 1132 1793 1183 nihil
1820 1132 2019 1195 obstat,
2047 1140 2101 1184 et
2129 1150 2185 1183 se
2225 1131 2373 1183 dolet

381 1220 556 1271 omnis
589 1220 777 1272 militia
800 1220 975 1272 viliter
1013 1227 1067 1272 et
1104 1219 1304 1287 absque
1342 1218 1558 1287 negotio
1605 1217 1839 1286 spoliari.
1915 1217 2370 1269 Mathematicum

381 1306 614 1374 quidam,
657 1306 745 1357 alii
783 1306 970 1358 dicunt
1006 1306 1203 1369 deum3
1247 1304 1500 1374 quicquid
1541 1303 1756 1373 petierit
1799 1304 1934 1355 nihil
1978 1304 2026 1356 ei
2069 1302 2369 1372 negationis

380 1392 626 1443 afferunt.
701 1392 851 1443 Inter
876 1391 990 1460 ejus
1017 1398 1333 1443 enumerant
1352 1408 1522 1441 unum
1544 1408 1843 1454 succeSSUS‚
1870 1391 2013 1459 quod
2048 1390 2370 1459 imperatore

382 1475 982 1545 Constantinopolitano
1041 1474 1294 1526 defuncto
1336 1474 1447 1526 filia
1496 1475 1611 1544 ejus
1654 1475 1826 1527 haeres
1872 1475 1921 1528 ei
1963 1474 2368 1544 derelinquitur.

378 1562 590 1630 Accipit
606 1561 866 1626 oblatam3
894 1559 1012 1629 quis
1029 1560 1173 1611 enim
1188 1561 1384 1628 neget?
1413 1559 1761 1628 Aliquamdiu
1781 1579 1903 1613 cum
1926 1580 1988 1613 ea
2004 1568 2370 1624 conversatUS,

379 1647 445 1698 de
472 1647 665 1698 scrinio
692 1646 758 1697 ad
784 1646 1044 1697 rationem
1071 1645 1136 1697 ab
1162 1646 1280 1714 ipsa
1313 1645 1550 1714 ponitur,
1578 1664 1696 1714 quae
1723 1665 1834 1698 non
1861 1646 1967 1698 nisi
1994 1646 2207 1715 cognita
2232 1645 2372 1698 veri-

378 1739 487 1783 tate
514 1731 737 1800 quiescit
764 1748 924 1799 quam
951 1731 1157 1794 edocta,
1183 1730 1287 1798 ipsi
1314 1749 1343 1780 a
1382 1730 1585 1781 somnis
1613 1730 1845 1782 excitato
1883 1731 1941 1781 in
1962 1731 2172 1782 vultum
2200 1730 2371 1799 porri-

376 1817 533 1885 gitur,
561 1835 665 1885 quo
708 1816 817 1866 suis
855 1814 1062 1866 insidiis
1101 1822 1258 1884 capto
1305 1815 1573 1884 deportari
1611 1815 1769 1884 jubet
1807 1817 2152 1868 Medusaeum
2190 1816 2371 1886 prodi-

378 1903 542 1972 gium,
568 1909 622 1953 et
647 1902 702 1952 in
728 1901 904 1953 medio
932 1901 1093 1952 maris
1124 1900 1437 1952 Graecorum
1476 1901 1665 1970 projici
1691 1910 1964 1954 tantorum
2006 1903 2171 1954 ultrix
2206 1903 2371 1955 scele-

376 2004 515 2049 rum,
550 1993 925 2054 auctoremque
954 1984 1132 2036 delicti
1160 1985 1364 2035 socium
1402 2002 1520 2036 esse
1554 1986 1873 2054 perditionis
1899 1987 2159 2056 praecipit.
2236 1988 2368 2040 Pro-

378 2079 568 2140 perant
591 2070 645 2121 in
673 2070 819 2139 galea
839 2069 1036 2134 nuncii,
1054 2069 1397 2138 mediumque
1418 2070 1579 2121 maris
1607 2071 1739 2122 duas
1768 2072 1912 2123 orbis
1931 2072 2294 2124 immanitates
2311 2073 2370 2124 in

377 2156 704 2228 profundum
747 2155 1022 2224 abjiciunt.
1099 2156 1262 2206 Facta
1301 2163 1385 2206 est
1427 2164 1607 2207 autem
1652 2156 1718 2208 ab
1764 2176 1951 2209 eorum
1989 2177 2205 2211 recessu
2242 2178 2365 2210 cum

379 2241 550 2293 arenis
585 2240 824 2292 ebullitio
850 2239 1040 2308 pelagi,
1085 2247 1340 2308 tanquam
1380 2240 1597 2292 avulsus
1633 2259 1663 2291 a
1702 2242 1871 2293 fundo
1917 2242 2162 2312 designet
2199 2253 2365 2295 aestus

377 2327 555 2395 fugam
595 2326 734 2377 saltu
770 2325 949 2376 subito
976 2325 1326 2377 resilientium
1354 2344 1610 2394 aquarum
1636 2335 1689 2379 et
1736 2327 2142 2380 abhorrentium
2167 2329 2225 2381 in
2264 2330 2369 2382 illis

376 2414 508 2466 iram
534 2412 796 2476 altissimi,
840 2419 894 2464 et
935 2412 1085 2480 quasi
1123 2430 1266 2463 mare
1309 2430 1575 2464 nauseans
1610 2414 1826 2483 rejicere
1865 2423 2090 2468 conetur
2135 2418 2280 2486 quod
2312 2416 2370 2469 in

376 2500 554 2569 ipsum
597 2516 696 2549 suo
735 2498 894 2549 tellus
919 2515 1058 2566 aegra
1082 2497 1365 2566 puerperio
1393 2499 1772 2551 convalescens
1816 2501 2072 2553 evomuit.
2149 2503 2370 2554 Exalta-

378 2585 509 2637 bant
532 2584 586 2635 in
615 2583 785 2635 sidera
808 2583 1024 2645 fluctUS,
1051 2590 1106 2635 et
1129 2583 1267 2652 ignis
1292 2583 1463 2635 instar
1489 2584 1748 2636 altissima
1767 2585 2039 2654 petebant.
2122 2587 2227 2639 Sed
2245 2597 2371 2657 post

378 2672 489 2723 dies
531 2688 731 2739 paucos
769 2677 1134 2721 monstrorum
1179 2677 1385 2721 mutata
1430 2671 1713 2734 sententia,
1739 2690 1859 2740 quae
1902 2672 2075 2724 sidera
2112 2674 2372 2741 petebant

379 2774 528 2826 aquae
555 2756 803 2807 deorsum
842 2755 1073 2806 tendunt
1097 2754 1405 2824 faciuntque
1427 2756 1737 2824 voraginem
1764 2756 1989 2809 circuitu
2030 2759 2370 2828 sempiternae

379 2840 669 2909 vertiginis.
746 2839 1010 2891 Cumulus
1050 2838 1222 2890 fuerat
1261 2838 1405 2908 quod
1459 2857 1604 2891 nunc
1637 2840 1786 2892 fossa
1815 2847 1915 2892 est.
1989 2841 2182 2894 Limus
2227 2844 2373 2897 enim

379 2925 630 2997 profundi
668 2943 777 2977 non
823 2923 1093 2975 sustinens
1134 2923 1645 2989 abhominationem,
1673 2933 1726 2977 et
1769 2925 1930 2977 maris
1956 2926 2233 2980 horrorem
2260 2928 2372 2981 exi-

433 3083 458 3109 *
487 3084 586 3122 This
602 3087 713 3133 story
732 3083 767 3122 is
786 3082 873 3121 told
898 3082 952 3133 by
983 3081 1098 3121 John
1128 3082 1342 3128 Bromton‚
1399 3082 1487 3120 The
1506 3082 1652 3133 legend
1679 3083 1776 3122 here
1809 3084 1897 3123 told
1926 3097 2056 3124 seems
2076 3089 2119 3124 to
2138 3086 2240 3126 have
2260 3099 2372 3128 some

383 3151 534 3189 Chron.
550 3151 626 3188 col.
647 3150 762 3188 1216.
799 3149 873 3188 See
892 3150 991 3196 also,
1008 3149 1072 3188 for
1091 3162 1113 3188 a
1128 3150 1346 3188 somewhat
1401 3151 1641 3189 connection
1662 3151 1759 3190 with
1794 3152 1864 3190 the
1884 3151 2063 3191 classical
2084 3157 2197 3205 story
2216 3154 2262 3194 of
2277 3155 2371 3194 Me-

383 3218 532 3255 similar
550 3221 659 3267 story
678 3217 849 3265 relating
867 3221 909 3255 to
929 3218 999 3255 the
1029 3230 1137 3256 same
1167 3218 1345 3267 locality‚
1402 3218 1539 3256 dusa's
1559 3218 1676 3266 head,
1697 3219 1826 3258 which
1840 3220 1876 3260 is
1889 3221 2052 3261 alluded
2065 3225 2110 3261 to
2129 3223 2173 3261 in
2188 3222 2258 3262 the
2275 3226 2373 3262 next

382 3284 450 3322 the
477 3284 639 3322 Travels
668 3284 713 3322 os
740 3284 801 3322 Sir
821 3285 932 3322 John
951 3284 1210 3330 Mandeville,
1233 3298 1267 3323 c.
1290 3285 1343 3322 iv.
1401 3287 1638 3337 paragraph.
