<?xml version="1.0" encoding="UTF-8"?>
<!DOCTYPE html PUBLIC "-//W3C//DTD XHTML 1.0 Transitional//EN"
    "http://www.w3.org/TR/xhtml1/DTD/xhtml1-transitional.dtd">
<html xmlns="http://www.w3.org/1999/xhtml" xml:lang="en" lang="en">
 <head>
  <title>
</title>
<meta http-equiv="Content-Type" content="text/html;charset=utf-8" />
  <meta name='ocr-system' content='tesseract 3.04.00' />
  <meta name='ocr-capabilities' content='ocr_page ocr_carea ocr_par ocr_line ocrx_word'/>
</head>
<body>
  <div class='ocr_page' id='page_1' title='image "./gualterimapes00camduoft/gualterimapes00camduoft_0227.png"; bbox 0 0 2638 3860; ppageno 0'>
   <div class='ocr_carea' id='block_1_1' title="bbox 325 318 2298 377">
    <p class='ocr_par' dir='ltr' id='par_1_1' title="bbox 325 318 2298 377">
     <span class='ocr_line' id='line_1_1' title="bbox 325 318 2298 377; baseline 0.003 -15"><span class='ocrx_word' id='word_1_1' title='bbox 325 322 430 374; x_wconf 85' lang='lat' dir='ltr'>Cap.</span> <span class='ocrx_word' id='word_1_2' title='bbox 447 323 525 374; x_wconf 88' lang='lat' dir='ltr'>iv.]</span> <span class='ocrx_word' id='word_1_3' title='bbox 940 326 1017 361; x_wconf 79' lang='lat' dir='ltr'>DE</span> <span class='ocrx_word' id='word_1_4' title='bbox 1061 329 1243 364; x_wconf 74' lang='lat' dir='ltr'>Noms</span> <span class='ocrx_word' id='word_1_5' title='bbox 1287 330 1663 368; x_wconf 81' lang='lat' dir='ltr'><strong>CURIALIUM.</strong></span> <span class='ocrx_word' id='word_1_6' title='bbox 2197 318 2298 377; x_wconf 81' lang='grc'>207</span> 
     </span>
    </p>
   </div>
   <div class='ocr_carea' id='block_1_2' title="bbox 295 461 2302 627">
    <p class='ocr_par' dir='ltr' id='par_1_2' title="bbox 295 461 2302 627">
     <span class='ocr_line' id='line_1_2' title="bbox 295 461 2302 541; baseline 0.007 -30"><span class='ocrx_word' id='word_1_7' title='bbox 295 461 491 530; x_wconf 80' lang='lat' dir='ltr'>gratias</span> <span class='ocrx_word' id='word_1_8' title='bbox 517 461 526 513; x_wconf 85' lang='lat'>!</span> <span class='ocrx_word' id='word_1_9' title='bbox 567 462 728 515; x_wconf 89' lang='lat' dir='ltr'>hodie</span> <span class='ocrx_word' id='word_1_10' title='bbox 766 465 1026 534; x_wconf 90' lang='lat' dir='ltr'>capellam</span> <span class='ocrx_word' id='word_1_11' title='bbox 1058 468 1180 536; x_wconf 88' lang='lat' dir='ltr'>jure</span> <span class='ocrx_word' id='word_1_12' title='bbox 1219 470 1405 522; x_wconf 88' lang='lat' dir='ltr'>matris</span> <span class='ocrx_word' id='word_1_13' title='bbox 1432 472 1670 524; x_wconf 83' lang='lat' dir='ltr'>ecclesiae</span> <span class='ocrx_word' id='word_1_14' title='bbox 1696 472 1762 524; x_wconf 91' lang='lat' dir='ltr'>de</span> <span class='ocrx_word' id='word_1_15' title='bbox 1788 471 2104 524; x_wconf 90' lang='lat' dir='ltr'>Westburia</span> <span class='ocrx_word' id='word_1_16' title='bbox 2128 473 2302 541; x_wconf 89' lang='lat' dir='ltr'>possi-</span> 
     </span>
     <span class='ocr_line' id='line_1_3' title="bbox 298 546 2302 627; baseline 0.009 -31"><span class='ocrx_word' id='word_1_17' title='bbox 298 546 417 598; x_wconf 77' lang='lat' dir='ltr'>deo,</span> <span class='ocrx_word' id='word_1_18' title='bbox 511 548 651 598; x_wconf 86' lang='lat' dir='ltr'>Tum</span> <span class='ocrx_word' id='word_1_19' title='bbox 692 567 820 599; x_wconf 84' lang='lat' dir='ltr'>vero</span> <span class='ocrx_word' id='word_1_20' title='bbox 864 551 979 602; x_wconf 87' lang='lat' dir='ltr'>visa</span> <span class='ocrx_word' id='word_1_21' title='bbox 1022 551 1111 603; x_wconf 89' lang='lat' dir='ltr'>illa</span> <span class='ocrx_word' id='word_1_22' title='bbox 1155 554 1498 608; x_wconf 82' lang='lat' dir='ltr'>facultatibus</span> <span class='ocrx_word' id='word_1_23' title='bbox 1543 566 1598 610; x_wconf 89' lang='lat' dir='ltr'>et</span> <span class='ocrx_word' id='word_1_24' title='bbox 1642 558 1844 610; x_wconf 89' lang='lat' dir='ltr'>deliciis</span> <span class='ocrx_word' id='word_1_25' title='bbox 1888 559 2302 627; x_wconf 79' lang='lat' dir='ltr'>pertinentibus·</span> 
     </span>
    </p>
   </div>
   <div class='ocr_carea' id='block_1_3' title="bbox 296 632 2306 2076">
    <p class='ocr_par' dir='ltr' id='par_1_3' title="bbox 296 632 2305 1799">
     <span class='ocr_line' id='line_1_4' title="bbox 298 632 2301 709; baseline 0.006 -28"><span class='ocrx_word' id='word_1_26' title='bbox 298 632 500 683; x_wconf 87' lang='lat' dir='ltr'>exorsit</span> <span class='ocrx_word' id='word_1_27' title='bbox 525 632 579 683; x_wconf 91' lang='lat' dir='ltr'>in</span> <span class='ocrx_word' id='word_1_28' title='bbox 618 632 817 684; x_wconf 81' lang='lat' dir='ltr'>rabiem</span> <span class='ocrx_word' id='word_1_29' title='bbox 860 653 1064 699; x_wconf 91' lang='lat' dir='ltr'>servus,</span> <span class='ocrx_word' id='word_1_30' title='bbox 1102 640 1492 709; x_wconf 84' lang='lat' dir='ltr'>supposuitque</span> <span class='ocrx_word' id='word_1_31' title='bbox 1531 642 1707 694; x_wconf 88' lang='lat' dir='ltr'>zabuli</span> <span class='ocrx_word' id='word_1_32' title='bbox 1738 643 1982 695; x_wconf 84' lang='lat' dir='ltr'>minister</span> <span class='ocrx_word' id='word_1_33' title='bbox 2006 643 2062 694; x_wconf 92' lang='lat' dir='ltr'>in</span> <span class='ocrx_word' id='word_1_34' title='bbox 2088 643 2301 695; x_wconf 88' lang='lat' dir='ltr'>assella-</span> 
     </span>
     <span class='ocr_line' id='line_1_5' title="bbox 297 717 2302 798; baseline 0.006 -30"><span class='ocrx_word' id='word_1_35' title='bbox 297 717 461 768; x_wconf 87' lang='lat' dir='ltr'>tionis</span> <span class='ocrx_word' id='word_1_36' title='bbox 512 719 772 771; x_wconf 84' lang='lat' dir='ltr'>foramine</span> <span class='ocrx_word' id='word_1_37' title='bbox 823 720 1044 773; x_wconf 90' lang='lat' dir='ltr'>domino</span> <span class='ocrx_word' id='word_1_38' title='bbox 1098 742 1197 775; x_wconf 93' lang='lat' dir='ltr'>suo</span> <span class='ocrx_word' id='word_1_39' title='bbox 1256 744 1386 778; x_wconf 89' lang='lat' dir='ltr'>veru</span> <span class='ocrx_word' id='word_1_40' title='bbox 1435 727 1668 779; x_wconf 90' lang='lat' dir='ltr'>ferreum</span> <span class='ocrx_word' id='word_1_41' title='bbox 1718 736 1938 780; x_wconf 90' lang='lat' dir='ltr'>acutum</span> <span class='ocrx_word' id='word_1_42' title='bbox 1983 738 2037 781; x_wconf 90' lang='lat' dir='ltr'>et</span> <span class='ocrx_word' id='word_1_43' title='bbox 2085 729 2302 798; x_wconf 81' lang='lat' dir='ltr'>grande,</span> 
     </span>
     <span class='ocr_line' id='line_1_6' title="bbox 298 805 2300 879; baseline 0.006 -26"><span class='ocrx_word' id='word_1_44' title='bbox 298 805 608 872; x_wconf 80' lang='lat' dir='ltr'>praecedens</span> <span class='ocrx_word' id='word_1_45' title='bbox 660 805 822 856; x_wconf 87' lang='lat' dir='ltr'>etiam</span> <span class='ocrx_word' id='word_1_46' title='bbox 872 806 928 857; x_wconf 91' lang='lat' dir='ltr'>in</span> <span class='ocrx_word' id='word_1_47' title='bbox 978 809 1219 861; x_wconf 89' lang='lat' dir='ltr'>adventu</span> <span class='ocrx_word' id='word_1_48' title='bbox 1261 830 1359 864; x_wconf 91' lang='lat' dir='ltr'>suo</span> <span class='ocrx_word' id='word_1_49' title='bbox 1400 831 1524 865; x_wconf 91' lang='lat' dir='ltr'>cum</span> <span class='ocrx_word' id='word_1_50' title='bbox 1565 814 1683 866; x_wconf 91' lang='lat' dir='ltr'>luce</span> <span class='ocrx_word' id='word_1_51' title='bbox 1728 816 1898 866; x_wconf 86' lang='lat' dir='ltr'>multa</span> <span class='ocrx_word' id='word_1_52' title='bbox 1941 815 2300 879; x_wconf 84' lang='lat' dir='ltr'>candelarum,</span> 
     </span>
     <span class='ocr_line' id='line_1_7' title="bbox 296 889 2300 971; baseline 0.007 -33"><span class='ocrx_word' id='word_1_53' title='bbox 296 889 425 940; x_wconf 89' lang='lat' dir='ltr'>alias</span> <span class='ocrx_word' id='word_1_54' title='bbox 453 908 541 941; x_wconf 91' lang='lat' dir='ltr'>eas</span> <span class='ocrx_word' id='word_1_55' title='bbox 562 891 725 942; x_wconf 85' lang='lat' dir='ltr'>vertit</span> <span class='ocrx_word' id='word_1_56' title='bbox 750 899 812 942; x_wconf 91' lang='lat' dir='ltr'>ut</span> <span class='ocrx_word' id='word_1_57' title='bbox 836 891 1083 945; x_wconf 87' lang='lat' dir='ltr'>incautus</span> <span class='ocrx_word' id='word_1_58' title='bbox 1110 894 1351 950; x_wconf 89' lang='lat' dir='ltr'>irrueret.</span> <span class='ocrx_word' id='word_1_59' title='bbox 1429 899 1596 951; x_wconf 88' lang='lat' dir='ltr'>Irruit</span> <span class='ocrx_word' id='word_1_60' title='bbox 1622 918 1746 970; x_wconf 89' lang='lat' dir='ltr'>ergo</span> <span class='ocrx_word' id='word_1_61' title='bbox 1773 901 2063 971; x_wconf 88' lang='lat' dir='ltr'>lethalique</span> <span class='ocrx_word' id='word_1_62' title='bbox 2080 901 2300 953; x_wconf 88' lang='lat' dir='ltr'>vulnere</span> 
     </span>
     <span class='ocr_line' id='line_1_8' title="bbox 297 974 2301 1054; baseline 0.005 -28"><span class='ocrx_word' id='word_1_63' title='bbox 297 975 599 1039; x_wconf 63' lang='lat' dir='ltr'>confossm,</span> <span class='ocrx_word' id='word_1_64' title='bbox 640 974 765 1027; x_wconf 91' lang='lat' dir='ltr'>inde</span> <span class='ocrx_word' id='word_1_65' title='bbox 816 995 872 1028; x_wconf 90' lang='lat' dir='ltr'>se</span> <span class='ocrx_word' id='word_1_66' title='bbox 908 977 1100 1030; x_wconf 86' lang='lat' dir='ltr'>deferri</span> <span class='ocrx_word' id='word_1_67' title='bbox 1138 981 1281 1045; x_wconf 82' lang='lat' dir='ltr'>fecit,</span> <span class='ocrx_word' id='word_1_68' title='bbox 1323 983 1467 1035; x_wconf 86' lang='lat' dir='ltr'>etin</span> <span class='ocrx_word' id='word_1_69' title='bbox 1515 985 1644 1048; x_wconf 89' lang='lat' dir='ltr'>Ros,</span> <span class='ocrx_word' id='word_1_70' title='bbox 1685 985 1804 1037; x_wconf 90' lang='lat' dir='ltr'>vico</span> <span class='ocrx_word' id='word_1_71' title='bbox 1850 985 2012 1054; x_wconf 87' lang='lat' dir='ltr'>regio,</span> <span class='ocrx_word' id='word_1_72' title='bbox 2054 984 2301 1048; x_wconf 84' lang='lat' dir='ltr'>decessit,</span> 
     </span>
     <span class='ocr_line' id='line_1_9' title="bbox 299 1061 2301 1140; baseline 0.006 -29"><span class='ocrx_word' id='word_1_73' title='bbox 299 1079 458 1129; x_wconf 90' lang='lat' dir='ltr'>quem</span> <span class='ocrx_word' id='word_1_74' title='bbox 486 1070 540 1113; x_wconf 92' lang='lat' dir='ltr'>et</span> <span class='ocrx_word' id='word_1_75' title='bbox 566 1061 804 1113; x_wconf 80' lang='lat' dir='ltr'>ecclesiae</span> <span class='ocrx_word' id='word_1_76' title='bbox 831 1065 1099 1115; x_wconf 87' lang='lat' dir='ltr'>concessit</span> <span class='ocrx_word' id='word_1_77' title='bbox 1126 1066 1532 1133; x_wconf 91' lang='lat' dir='ltr'>Herefordensi,</span> <span class='ocrx_word' id='word_1_78' title='bbox 1573 1089 1734 1140; x_wconf 91' lang='lat' dir='ltr'>quem</span> <span class='ocrx_word' id='word_1_79' title='bbox 1761 1079 1815 1123; x_wconf 89' lang='lat' dir='ltr'>et</span> <span class='ocrx_word' id='word_1_80' title='bbox 1839 1072 2014 1123; x_wconf 90' lang='lat' dir='ltr'>adhuc</span> <span class='ocrx_word' id='word_1_81' title='bbox 2040 1071 2301 1140; x_wconf 83' lang='lat' dir='ltr'>possidet.</span> 
     </span>
     <span class='ocr_line' id='line_1_10' title="bbox 299 1147 2303 1226; baseline 0.006 -29"><span class='ocrx_word' id='word_1_82' title='bbox 299 1147 559 1216; x_wconf 83' lang='lat' dir='ltr'>Properat</span> <span class='ocrx_word' id='word_1_83' title='bbox 596 1155 651 1198; x_wconf 92' lang='lat' dir='ltr'>et</span> <span class='ocrx_word' id='word_1_84' title='bbox 691 1147 913 1199; x_wconf 89' lang='lat' dir='ltr'>Chnuto</span> <span class='ocrx_word' id='word_1_85' title='bbox 941 1167 1127 1202; x_wconf 88' lang='lat' dir='ltr'>servus</span> <span class='ocrx_word' id='word_1_86' title='bbox 1153 1161 1311 1217; x_wconf 85' lang='lat' dir='ltr'>astat,</span> <span class='ocrx_word' id='word_1_87' title='bbox 1339 1163 1394 1206; x_wconf 90' lang='lat' dir='ltr'>et</span> <span class='ocrx_word' id='word_1_88' title='bbox 1418 1155 1508 1218; x_wconf 87' lang='lat' dir='ltr'>ait,</span> <span class='ocrx_word' id='word_1_89' title='bbox 1549 1160 1584 1185; x_wconf 84' lang='lat'><strong>“</strong></span> <span class='ocrx_word' id='word_1_90' title='bbox 1612 1156 1786 1221; x_wconf 89' lang='lat' dir='ltr'>Salve,</span> <span class='ocrx_word' id='word_1_91' title='bbox 1824 1175 1915 1208; x_wconf 89' lang='lat' dir='ltr'>rex</span> <span class='ocrx_word' id='word_1_92' title='bbox 1948 1157 2170 1226; x_wconf 81' lang='lat' dir='ltr'>integer,</span> <span class='ocrx_word' id='word_1_93' title='bbox 2210 1156 2303 1225; x_wconf 91' lang='lat' dir='ltr'>qui</span> 
     </span>
     <span class='ocr_line' id='line_1_11' title="bbox 299 1233 2303 1311; baseline 0.005 -28"><span class='ocrx_word' id='word_1_94' title='bbox 299 1234 529 1305; x_wconf 86' lang='lat' dir='ltr'>semirex</span> <span class='ocrx_word' id='word_1_95' title='bbox 567 1233 682 1284; x_wconf 90' lang='lat' dir='ltr'>heri</span> <span class='ocrx_word' id='word_1_96' title='bbox 720 1234 902 1299; x_wconf 86' lang='lat' dir='ltr'>fuisti3</span> <span class='ocrx_word' id='word_1_97' title='bbox 954 1243 1010 1287; x_wconf 86' lang='lat' dir='ltr'>et</span> <span class='ocrx_word' id='word_1_98' title='bbox 1046 1245 1108 1288; x_wconf 90' lang='lat' dir='ltr'>ut</span> <span class='ocrx_word' id='word_1_99' title='bbox 1142 1247 1415 1291; x_wconf 87' lang='lat' dir='ltr'>auctorem</span> <span class='ocrx_word' id='word_1_100' title='bbox 1461 1250 1567 1293; x_wconf 87' lang='lat' dir='ltr'>tuae</span> <span class='ocrx_word' id='word_1_101' title='bbox 1611 1261 1919 1294; x_wconf 88' lang='lat' dir='ltr'>remuneres</span> <span class='ocrx_word' id='word_1_102' title='bbox 1962 1242 2303 1311; x_wconf 85' lang='lat' dir='ltr'>integritatis,</span> 
     </span>
     <span class='ocr_line' id='line_1_12' title="bbox 299 1319 2302 1390; baseline 0.005 -22"><span class='ocrx_word' id='word_1_103' title='bbox 299 1319 453 1387; x_wconf 86' lang='lat' dir='ltr'>cujus</span> <span class='ocrx_word' id='word_1_104' title='bbox 494 1338 659 1369; x_wconf 90' lang='lat' dir='ltr'>manu</span> <span class='ocrx_word' id='word_1_105' title='bbox 696 1319 939 1372; x_wconf 90' lang='lat' dir='ltr'>sublatus</span> <span class='ocrx_word' id='word_1_106' title='bbox 980 1330 1065 1373; x_wconf 90' lang='lat' dir='ltr'>est</span> <span class='ocrx_word' id='word_1_107' title='bbox 1099 1331 1226 1375; x_wconf 91' lang='lat' dir='ltr'>tuus</span> <span class='ocrx_word' id='word_1_108' title='bbox 1260 1325 1452 1390; x_wconf 89' lang='lat' dir='ltr'>hostis,</span> <span class='ocrx_word' id='word_1_109' title='bbox 1495 1335 1550 1378; x_wconf 88' lang='lat' dir='ltr'>et</span> <span class='ocrx_word' id='word_1_110' title='bbox 1582 1327 1773 1385; x_wconf 88' lang='lat' dir='ltr'>unicus</span> <span class='ocrx_word' id='word_1_111' title='bbox 1800 1328 2016 1379; x_wconf 85' lang='lat' dir='ltr'>evulsus</span> <span class='ocrx_word' id='word_1_112' title='bbox 2054 1346 2083 1379; x_wconf 89' lang='lat' dir='ltr'>e</span> <span class='ocrx_word' id='word_1_113' title='bbox 2110 1327 2302 1379; x_wconf 88' lang='lat' dir='ltr'>terra.&#39;’</span> 
     </span>
     <span class='ocr_line' id='line_1_13' title="bbox 298 1404 2300 1477; baseline 0.005 -23"><span class='ocrx_word' id='word_1_114' title='bbox 298 1404 454 1456; x_wconf 89' lang='lat' dir='ltr'>Tunc</span> <span class='ocrx_word' id='word_1_115' title='bbox 489 1423 599 1468; x_wconf 87' lang='lat' dir='ltr'>rex,</span> <span class='ocrx_word' id='word_1_116' title='bbox 639 1405 765 1457; x_wconf 91' lang='lat' dir='ltr'>licet</span> <span class='ocrx_word' id='word_1_117' title='bbox 798 1406 1160 1472; x_wconf 89' lang='lat' dir='ltr'>tristissimus,</span> <span class='ocrx_word' id='word_1_118' title='bbox 1198 1410 1409 1477; x_wconf 90' lang='lat' dir='ltr'>placido</span> <span class='ocrx_word' id='word_1_119' title='bbox 1437 1411 1591 1462; x_wconf 91' lang='lat' dir='ltr'>vultu</span> <span class='ocrx_word' id='word_1_120' title='bbox 1625 1411 1838 1463; x_wconf 89' lang='lat' dir='ltr'>retulit:</span> <span class='ocrx_word' id='word_1_121' title='bbox 1880 1416 1914 1440; x_wconf 70' lang='lat'>‘⁶</span> <span class='ocrx_word' id='word_1_122' title='bbox 1941 1413 2092 1463; x_wconf 90' lang='lat' dir='ltr'>Deus</span> <span class='ocrx_word' id='word_1_123' title='bbox 2130 1412 2300 1464; x_wconf 87' lang='lat' dir='ltr'>bone!</span> 
     </span>
     <span class='ocr_line' id='line_1_14' title="bbox 299 1491 2303 1566; baseline 0.004 -26"><span class='ocrx_word' id='word_1_124' title='bbox 299 1491 419 1559; x_wconf 92' lang='lat' dir='ltr'>quis</span> <span class='ocrx_word' id='word_1_125' title='bbox 447 1491 579 1541; x_wconf 86' lang='lat' dir='ltr'>mihi</span> <span class='ocrx_word' id='word_1_126' title='bbox 605 1500 714 1542; x_wconf 89' lang='lat' dir='ltr'>tam</span> <span class='ocrx_word' id='word_1_127' title='bbox 742 1492 946 1543; x_wconf 88' lang='lat' dir='ltr'>amicus</span> <span class='ocrx_word' id='word_1_128' title='bbox 973 1494 1169 1558; x_wconf 87' lang='lat' dir='ltr'>extitit,</span> <span class='ocrx_word' id='word_1_129' title='bbox 1209 1504 1270 1546; x_wconf 91' lang='lat' dir='ltr'>ut</span> <span class='ocrx_word' id='word_1_130' title='bbox 1294 1497 1484 1548; x_wconf 88' lang='lat' dir='ltr'>faciam</span> <span class='ocrx_word' id='word_1_131' title='bbox 1519 1515 1642 1548; x_wconf 91' lang='lat' dir='ltr'>eum</span> <span class='ocrx_word' id='word_1_132' title='bbox 1681 1497 1997 1566; x_wconf 83' lang='lat' dir='ltr'>praecelsum</span> <span class='ocrx_word' id='word_1_133' title='bbox 2032 1516 2142 1566; x_wconf 83' lang='lat' dir='ltr'>proe</span> <span class='ocrx_word' id='word_1_134' title='bbox 2176 1516 2303 1550; x_wconf 88' lang='lat' dir='ltr'>con·</span> 
     </span>
     <span class='ocr_line' id='line_1_15' title="bbox 301 1576 2304 1650; baseline 0.003 -22"><span class='ocrx_word' id='word_1_135' title='bbox 301 1576 538 1628; x_wconf 90' lang='lat' dir='ltr'>sortibus</span> <span class='ocrx_word' id='word_1_136' title='bbox 586 1576 696 1626; x_wconf 89' lang='lat' dir='ltr'>suis</span> <span class='ocrx_word' id='word_1_137' title='bbox 716 1577 769 1627; x_wconf 84' lang='lat'>?&#39;&#39;</span> <span class='ocrx_word' id='word_1_138' title='bbox 848 1577 1047 1628; x_wconf 80' lang='lat' dir='ltr'>Servus</span> <span class='ocrx_word' id='word_1_139' title='bbox 1088 1579 1180 1642; x_wconf 87' lang='lat' dir='ltr'>ait,</span> <span class='ocrx_word' id='word_1_140' title='bbox 1226 1583 1262 1608; x_wconf 70' lang='lat'>‘⁶</span> <span class='ocrx_word' id='word_1_141' title='bbox 1287 1581 1462 1650; x_wconf 83' lang='lat' dir='ltr'>Ego.”</span> <span class='ocrx_word' id='word_1_142' title='bbox 1539 1583 1693 1634; x_wconf 88' lang='lat' dir='ltr'>Tunc</span> <span class='ocrx_word' id='word_1_143' title='bbox 1733 1601 1827 1634; x_wconf 90' lang='lat' dir='ltr'>rex</span> <span class='ocrx_word' id='word_1_144' title='bbox 1867 1601 1991 1635; x_wconf 90' lang='lat' dir='ltr'>eum</span> <span class='ocrx_word' id='word_1_145' title='bbox 2019 1583 2304 1635; x_wconf 89' lang='lat' dir='ltr'>sublimem</span> 
     </span>
     <span class='ocr_line' id='line_1_16' title="bbox 300 1661 2305 1739; baseline 0.004 -27"><span class='ocrx_word' id='word_1_146' title='bbox 300 1662 416 1730; x_wconf 87' lang='lat' dir='ltr'>rapi</span> <span class='ocrx_word' id='word_1_147' title='bbox 441 1661 584 1726; x_wconf 89' lang='lat' dir='ltr'>fecit,</span> <span class='ocrx_word' id='word_1_148' title='bbox 624 1670 677 1713; x_wconf 93' lang='lat' dir='ltr'>et</span> <span class='ocrx_word' id='word_1_149' title='bbox 714 1662 770 1713; x_wconf 90' lang='lat' dir='ltr'>in</span> <span class='ocrx_word' id='word_1_150' title='bbox 809 1662 1070 1714; x_wconf 86' lang='lat' dir='ltr'>altissima</span> <span class='ocrx_word' id='word_1_151' title='bbox 1108 1683 1307 1733; x_wconf 90' lang='lat' dir='ltr'>quercu</span> <span class='ocrx_word' id='word_1_152' title='bbox 1346 1668 1622 1736; x_wconf 88' lang='lat' dir='ltr'>suspendi,</span> <span class='ocrx_word' id='word_1_153' title='bbox 1661 1668 1844 1721; x_wconf 90' lang='lat' dir='ltr'>debito</span> <span class='ocrx_word' id='word_1_154' title='bbox 1875 1668 2172 1739; x_wconf 88' lang='lat' dir='ltr'>meritoque</span> <span class='ocrx_word' id='word_1_155' title='bbox 2198 1669 2305 1722; x_wconf 89' lang='lat' dir='ltr'>fine</span> 
     </span>
     <span class='ocr_line' id='line_1_17' title="bbox 304 1766 602 1799; baseline 0 -1"><span class='ocrx_word' id='word_1_156' title='bbox 304 1766 602 1799; x_wconf 89' lang='lat' dir='ltr'>servorum.</span> 
     </span>
    </p>

    <p class='ocr_par' dir='ltr' id='par_1_4' title="bbox 299 1832 2306 2076">
     <span class='ocr_line' id='line_1_18' title="bbox 376 1832 2306 1907; baseline 0.004 -24"><span class='ocrx_word' id='word_1_157' title='bbox 376 1832 629 1884; x_wconf 87' lang='lat' dir='ltr'>Chnutus</span> <span class='ocrx_word' id='word_1_158' title='bbox 669 1851 794 1902; x_wconf 88' lang='lat' dir='ltr'>ergo</span> <span class='ocrx_word' id='word_1_159' title='bbox 832 1833 998 1885; x_wconf 91' lang='lat' dir='ltr'>libere</span> <span class='ocrx_word' id='word_1_160' title='bbox 1055 1837 1347 1888; x_wconf 87' lang='lat' dir='ltr'>monarcha</span> <span class='ocrx_word' id='word_1_161' title='bbox 1388 1855 1485 1906; x_wconf 91' lang='lat' dir='ltr'>per</span> <span class='ocrx_word' id='word_1_162' title='bbox 1521 1845 1766 1907; x_wconf 87' lang='lat' dir='ltr'>tempora</span> <span class='ocrx_word' id='word_1_163' title='bbox 1807 1837 2040 1907; x_wconf 90' lang='lat' dir='ltr'>plurima</span> <span class='ocrx_word' id='word_1_164' title='bbox 2090 1838 2306 1902; x_wconf 88' lang='lat' dir='ltr'>mansit,</span> 
     </span>
     <span class='ocr_line' id='line_1_19' title="bbox 301 1920 2306 1994; baseline 0.002 -23"><span class='ocrx_word' id='word_1_165' title='bbox 301 1927 735 1989; x_wconf 87' lang='lat' dir='ltr'>operueruntque</span> <span class='ocrx_word' id='word_1_166' title='bbox 794 1920 929 1972; x_wconf 89' lang='lat' dir='ltr'>Daci</span> <span class='ocrx_word' id='word_1_167' title='bbox 989 1928 1133 1972; x_wconf 88' lang='lat' dir='ltr'>totas</span> <span class='ocrx_word' id='word_1_168' title='bbox 1195 1922 1397 1992; x_wconf 90' lang='lat' dir='ltr'>ubique</span> <span class='ocrx_word' id='word_1_169' title='bbox 1454 1924 1774 1993; x_wconf 82' lang='lat' dir='ltr'>provinciaS,</span> <span class='ocrx_word' id='word_1_170' title='bbox 1839 1933 1893 1977; x_wconf 87' lang='lat' dir='ltr'>et</span> <span class='ocrx_word' id='word_1_171' title='bbox 1953 1925 2306 1994; x_wconf 80' lang='lat' dir='ltr'>praevalentes</span> 
     </span>
     <span class='ocr_line' id='line_1_20' title="bbox 299 2004 2305 2076; baseline 0.003 -21"><span class='ocrx_word' id='word_1_172' title='bbox 299 2004 540 2073; x_wconf 88' lang='lat' dir='ltr'>Anglicis</span> <span class='ocrx_word' id='word_1_173' title='bbox 579 2023 672 2056; x_wconf 91' lang='lat' dir='ltr'>eos</span> <span class='ocrx_word' id='word_1_174' title='bbox 711 2005 779 2056; x_wconf 91' lang='lat' dir='ltr'>ad</span> <span class='ocrx_word' id='word_1_175' title='bbox 829 2006 1095 2074; x_wconf 87' lang='lat' dir='ltr'>pessimas</span> <span class='ocrx_word' id='word_1_176' title='bbox 1146 2007 1411 2076; x_wconf 83' lang='lat' dir='ltr'>cogebant</span> <span class='ocrx_word' id='word_1_177' title='bbox 1462 2009 1768 2073; x_wconf 84' lang='lat' dir='ltr'>servituteS,</span> <span class='ocrx_word' id='word_1_178' title='bbox 1822 2010 1983 2061; x_wconf 89' lang='lat' dir='ltr'>etiam</span> <span class='ocrx_word' id='word_1_179' title='bbox 2022 2009 2305 2062; x_wconf 87' lang='lat' dir='ltr'>abutentes</span> 
     </span>
    </p>
   </div>
   <div class='ocr_carea' id='block_1_4' title="bbox 300 2089 2309 2247">
    <p class='ocr_par' dir='ltr' id='par_1_5' title="bbox 300 2089 2309 2247">
     <span class='ocr_line' id='line_1_21' title="bbox 300 2089 2306 2164; baseline 0.003 -23"><span class='ocrx_word' id='word_1_180' title='bbox 300 2089 561 2142; x_wconf 85' lang='lat' dir='ltr'>uxoribus</span> <span class='ocrx_word' id='word_1_181' title='bbox 613 2108 815 2154; x_wconf 90' lang='lat' dir='ltr'>earum,</span> <span class='ocrx_word' id='word_1_182' title='bbox 866 2091 1098 2155; x_wconf 88' lang='lat' dir='ltr'>filiabus,</span> <span class='ocrx_word' id='word_1_183' title='bbox 1163 2101 1218 2143; x_wconf 88' lang='lat' dir='ltr'>et</span> <span class='ocrx_word' id='word_1_184' title='bbox 1275 2094 1473 2163; x_wconf 89' lang='lat' dir='ltr'>neptis,</span> <span class='ocrx_word' id='word_1_185' title='bbox 1534 2096 1680 2164; x_wconf 92' lang='lat' dir='ltr'>quod</span> <span class='ocrx_word' id='word_1_186' title='bbox 1732 2095 2032 2147; x_wconf 90' lang='lat' dir='ltr'>Godwinus</span> <span class='ocrx_word' id='word_1_187' title='bbox 2086 2095 2306 2147; x_wconf 90' lang='lat' dir='ltr'>Chnuto</span> 
     </span>
     <span class='ocr_line' id='line_1_22' title="bbox 303 2175 2309 2247; baseline 0.003 -22"><span class='ocrx_word' id='word_1_188' title='bbox 303 2192 426 2226; x_wconf 90' lang='lat' dir='ltr'>cum</span> <span class='ocrx_word' id='word_1_189' title='bbox 457 2175 641 2226; x_wconf 90' lang='lat' dir='ltr'>multis</span> <span class='ocrx_word' id='word_1_190' title='bbox 667 2176 896 2226; x_wconf 85' lang='lat' dir='ltr'>afferens</span> <span class='ocrx_word' id='word_1_191' title='bbox 923 2175 1229 2245; x_wconf 86' lang='lat' dir='ltr'>lachrymis,</span> <span class='ocrx_word' id='word_1_192' title='bbox 1250 2178 1315 2228; x_wconf 88' lang='lat' dir='ltr'>ad</span> <span class='ocrx_word' id='word_1_193' title='bbox 1344 2179 1545 2230; x_wconf 86' lang='lat' dir='ltr'>nullam</span> <span class='ocrx_word' id='word_1_194' title='bbox 1582 2180 1871 2230; x_wconf 90' lang='lat' dir='ltr'>exauditus</span> <span class='ocrx_word' id='word_1_195' title='bbox 1899 2188 1982 2230; x_wconf 90' lang='lat' dir='ltr'>est</span> <span class='ocrx_word' id='word_1_196' title='bbox 2008 2180 2194 2247; x_wconf 89' lang='lat' dir='ltr'>populi</span> <span class='ocrx_word' id='word_1_197' title='bbox 2225 2180 2309 2231; x_wconf 89' lang='lat' dir='ltr'>sui</span> 
     </span>
    </p>
   </div>
   <div class='ocr_carea' id='block_1_5' title="bbox 301 2260 2313 3444">
    <p class='ocr_par' dir='ltr' id='par_1_6' title="bbox 301 2260 2313 3444">
     <span class='ocr_line' id='line_1_23' title="bbox 301 2260 2306 2334; baseline 0.002 -22"><span class='ocrx_word' id='word_1_198' title='bbox 301 2260 693 2325; x_wconf 84' lang='lat' dir='ltr'>liberationem,</span> <span class='ocrx_word' id='word_1_199' title='bbox 735 2269 790 2313; x_wconf 90' lang='lat' dir='ltr'>et</span> <span class='ocrx_word' id='word_1_200' title='bbox 815 2262 990 2312; x_wconf 88' lang='lat' dir='ltr'>factus</span> <span class='ocrx_word' id='word_1_201' title='bbox 1017 2270 1100 2312; x_wconf 90' lang='lat' dir='ltr'>est</span> <span class='ocrx_word' id='word_1_202' title='bbox 1125 2262 1327 2331; x_wconf 87' lang='lat' dir='ltr'>pietate</span> <span class='ocrx_word' id='word_1_203' title='bbox 1355 2281 1576 2315; x_wconf 89' lang='lat' dir='ltr'>suorum</span> <span class='ocrx_word' id='word_1_204' title='bbox 1613 2263 1812 2332; x_wconf 88' lang='lat' dir='ltr'>impius</span> <span class='ocrx_word' id='word_1_205' title='bbox 1840 2273 1894 2316; x_wconf 92' lang='lat' dir='ltr'>et</span> <span class='ocrx_word' id='word_1_206' title='bbox 1919 2264 2143 2315; x_wconf 84' lang='lat' dir='ltr'>immitis</span> <span class='ocrx_word' id='word_1_207' title='bbox 2170 2265 2306 2334; x_wconf 90' lang='lat' dir='ltr'>regis</span> 
     </span>
     <span class='ocr_line' id='line_1_24' title="bbox 303 2347 2307 2418; baseline 0.002 -20"><span class='ocrx_word' id='word_1_208' title='bbox 303 2348 579 2399; x_wconf 90' lang='lat' dir='ltr'>Dacorum</span> <span class='ocrx_word' id='word_1_209' title='bbox 614 2347 804 2411; x_wconf 85' lang='lat' dir='ltr'>hostiS,</span> <span class='ocrx_word' id='word_1_210' title='bbox 844 2347 1148 2416; x_wconf 88' lang='lat' dir='ltr'>restititque</span> <span class='ocrx_word' id='word_1_211' title='bbox 1186 2349 1343 2418; x_wconf 81' lang='lat' dir='ltr'>regiae</span> <span class='ocrx_word' id='word_1_212' title='bbox 1378 2350 1637 2418; x_wconf 88' lang='lat' dir='ltr'>potestati</span> <span class='ocrx_word' id='word_1_213' title='bbox 1685 2350 1926 2414; x_wconf 85' lang='lat' dir='ltr'>viriliter,</span> <span class='ocrx_word' id='word_1_214' title='bbox 1965 2359 2020 2402; x_wconf 91' lang='lat' dir='ltr'>et</span> <span class='ocrx_word' id='word_1_215' title='bbox 2051 2351 2106 2401; x_wconf 94' lang='lat' dir='ltr'>in</span> <span class='ocrx_word' id='word_1_216' title='bbox 2143 2351 2307 2418; x_wconf 89' lang='lat' dir='ltr'>pluri-</span> 
     </span>
     <span class='ocr_line' id='line_1_25' title="bbox 304 2432 2308 2505; baseline 0.002 -21"><span class='ocrx_word' id='word_1_217' title='bbox 304 2432 408 2484; x_wconf 88' lang='lat' dir='ltr'>mis</span> <span class='ocrx_word' id='word_1_218' title='bbox 459 2451 584 2484; x_wconf 93' lang='lat' dir='ltr'>eum</span> <span class='ocrx_word' id='word_1_219' title='bbox 627 2432 732 2501; x_wconf 91' lang='lat' dir='ltr'>ipsi</span> <span class='ocrx_word' id='word_1_220' title='bbox 783 2433 971 2485; x_wconf 89' lang='lat' dir='ltr'>dicunt</span> <span class='ocrx_word' id='word_1_221' title='bbox 1021 2434 1363 2502; x_wconf 86' lang='lat' dir='ltr'>praevaluisse</span> <span class='ocrx_word' id='word_1_222' title='bbox 1413 2435 1806 2504; x_wconf 89' lang='lat' dir='ltr'>congressibus,</span> <span class='ocrx_word' id='word_1_223' title='bbox 1857 2454 2046 2505; x_wconf 88' lang='lat' dir='ltr'>pacem</span> <span class='ocrx_word' id='word_1_224' title='bbox 2097 2454 2308 2505; x_wconf 90' lang='lat' dir='ltr'>semper</span> 
     </span>
     <span class='ocr_line' id='line_1_26' title="bbox 306 2517 2307 2589; baseline 0 -18"><span class='ocrx_word' id='word_1_225' title='bbox 306 2517 547 2586; x_wconf 92' lang='lat' dir='ltr'>Anglicis</span> <span class='ocrx_word' id='word_1_226' title='bbox 569 2526 623 2569; x_wconf 90' lang='lat' dir='ltr'>et</span> <span class='ocrx_word' id='word_1_227' title='bbox 641 2518 943 2570; x_wconf 86' lang='lat' dir='ltr'>libertatem</span> <span class='ocrx_word' id='word_1_228' title='bbox 965 2535 1210 2570; x_wconf 89' lang='lat' dir='ltr'>exorans.</span> <span class='ocrx_word' id='word_1_229' title='bbox 1275 2518 1416 2570; x_wconf 90' lang='lat' dir='ltr'>Cum</span> <span class='ocrx_word' id='word_1_230' title='bbox 1441 2527 1621 2570; x_wconf 84' lang='lat' dir='ltr'>autem</span> <span class='ocrx_word' id='word_1_231' title='bbox 1648 2520 1827 2588; x_wconf 86' lang='lat' dir='ltr'>ipsum</span> <span class='ocrx_word' id='word_1_232' title='bbox 1857 2519 2107 2571; x_wconf 90' lang='lat' dir='ltr'>Chnutus</span> <span class='ocrx_word' id='word_1_233' title='bbox 2123 2521 2307 2589; x_wconf 64' lang='lat' dir='ltr'>prtelio</span> 
     </span>
     <span class='ocr_line' id='line_1_27' title="bbox 304 2604 2307 2675; baseline 0.001 -19"><span class='ocrx_word' id='word_1_234' title='bbox 304 2604 442 2656; x_wconf 87' lang='lat' dir='ltr'>vidit</span> <span class='ocrx_word' id='word_1_235' title='bbox 467 2604 903 2673; x_wconf 88' lang='lat' dir='ltr'>insuperabilem,</span> <span class='ocrx_word' id='word_1_236' title='bbox 938 2623 1123 2674; x_wconf 91' lang='lat' dir='ltr'>preces</span> <span class='ocrx_word' id='word_1_237' title='bbox 1162 2605 1395 2669; x_wconf 89' lang='lat' dir='ltr'>admisit,</span> <span class='ocrx_word' id='word_1_238' title='bbox 1433 2614 1494 2657; x_wconf 89' lang='lat' dir='ltr'>ut</span> <span class='ocrx_word' id='word_1_239' title='bbox 1519 2606 1573 2656; x_wconf 90' lang='lat' dir='ltr'>id</span> <span class='ocrx_word' id='word_1_240' title='bbox 1601 2606 1724 2658; x_wconf 88' lang='lat' dir='ltr'>dolo</span> <span class='ocrx_word' id='word_1_241' title='bbox 1754 2613 1996 2674; x_wconf 86' lang='lat' dir='ltr'>tempore</span> <span class='ocrx_word' id='word_1_242' title='bbox 2023 2606 2167 2675; x_wconf 92' lang='lat' dir='ltr'>pacis</span> <span class='ocrx_word' id='word_1_243' title='bbox 2194 2607 2307 2658; x_wconf 87' lang='lat' dir='ltr'>effi-</span> 
     </span>
     <span class='ocr_line' id='line_1_28' title="bbox 306 2691 2308 2761; baseline 0.001 -19"><span class='ocrx_word' id='word_1_244' title='bbox 306 2699 466 2754; x_wconf 89' lang='lat' dir='ltr'>ceret,</span> <span class='ocrx_word' id='word_1_245' title='bbox 509 2692 653 2760; x_wconf 91' lang='lat' dir='ltr'>quod</span> <span class='ocrx_word' id='word_1_246' title='bbox 680 2693 731 2742; x_wconf 89' lang='lat' dir='ltr'>vi</span> <span class='ocrx_word' id='word_1_247' title='bbox 750 2692 836 2743; x_wconf 84' lang='lat' dir='ltr'>vei</span> <span class='ocrx_word' id='word_1_248' title='bbox 863 2700 976 2743; x_wconf 91' lang='lat' dir='ltr'>arte</span> <span class='ocrx_word' id='word_1_249' title='bbox 1002 2691 1128 2743; x_wconf 86' lang='lat' dir='ltr'>belli</span> <span class='ocrx_word' id='word_1_250' title='bbox 1155 2710 1264 2742; x_wconf 91' lang='lat' dir='ltr'>non</span> <span class='ocrx_word' id='word_1_251' title='bbox 1292 2692 1489 2760; x_wconf 87' lang='lat' dir='ltr'>potuit,</span> <span class='ocrx_word' id='word_1_252' title='bbox 1523 2692 1755 2761; x_wconf 89' lang='lat' dir='ltr'>factique</span> <span class='ocrx_word' id='word_1_253' title='bbox 1783 2700 1910 2743; x_wconf 91' lang='lat' dir='ltr'>sunt</span> <span class='ocrx_word' id='word_1_254' title='bbox 1935 2692 2091 2744; x_wconf 90' lang='lat' dir='ltr'>amici</span> <span class='ocrx_word' id='word_1_255' title='bbox 2123 2711 2308 2761; x_wconf 84' lang='lat' dir='ltr'>super-</span> 
     </span>
     <span class='ocr_line' id='line_1_29' title="bbox 306 2776 2309 2846; baseline 0.003 -20"><span class='ocrx_word' id='word_1_256' title='bbox 306 2776 425 2827; x_wconf 92' lang='lat' dir='ltr'>ficie</span> <span class='ocrx_word' id='word_1_257' title='bbox 451 2785 629 2840; x_wconf 83' lang='lat' dir='ltr'>tenus,</span> <span class='ocrx_word' id='word_1_258' title='bbox 657 2786 711 2829; x_wconf 91' lang='lat' dir='ltr'>et</span> <span class='ocrx_word' id='word_1_259' title='bbox 732 2777 948 2829; x_wconf 86' lang='lat' dir='ltr'>libertas</span> <span class='ocrx_word' id='word_1_260' title='bbox 969 2778 1179 2846; x_wconf 87' lang='lat' dir='ltr'>Angliae</span> <span class='ocrx_word' id='word_1_261' title='bbox 1201 2778 1466 2829; x_wconf 85' lang='lat' dir='ltr'>restituta.</span> <span class='ocrx_word' id='word_1_262' title='bbox 1508 2777 1662 2846; x_wconf 81' lang='lat' dir='ltr'>Saepe</span> <span class='ocrx_word' id='word_1_263' title='bbox 1685 2777 1929 2829; x_wconf 87' lang='lat' dir='ltr'>similiter</span> <span class='ocrx_word' id='word_1_264' title='bbox 1954 2778 2086 2829; x_wconf 89' lang='lat' dir='ltr'>inita</span> <span class='ocrx_word' id='word_1_265' title='bbox 2111 2778 2309 2832; x_wconf 84' lang='lat' dir='ltr'>foedera</span> 
     </span>
     <span class='ocr_line' id='line_1_30' title="bbox 308 2861 2307 2933; baseline 0.002 -21"><span class='ocrx_word' id='word_1_266' title='bbox 308 2861 448 2913; x_wconf 91' lang='lat' dir='ltr'>sicut</span> <span class='ocrx_word' id='word_1_267' title='bbox 482 2871 537 2913; x_wconf 90' lang='lat' dir='ltr'>et</span> <span class='ocrx_word' id='word_1_268' title='bbox 574 2864 677 2915; x_wconf 93' lang='lat' dir='ltr'>hoc</span> <span class='ocrx_word' id='word_1_269' title='bbox 703 2882 895 2932; x_wconf 89' lang='lat' dir='ltr'>rupere</span> <span class='ocrx_word' id='word_1_270' title='bbox 925 2865 1078 2928; x_wconf 90' lang='lat' dir='ltr'>Daci,</span> <span class='ocrx_word' id='word_1_271' title='bbox 1111 2864 1269 2915; x_wconf 84' lang='lat' dir='ltr'>solito</span> <span class='ocrx_word' id='word_1_272' title='bbox 1299 2863 1493 2915; x_wconf 85' lang='lat' dir='ltr'>saevius</span> <span class='ocrx_word' id='word_1_273' title='bbox 1522 2864 1577 2914; x_wconf 93' lang='lat' dir='ltr'>in</span> <span class='ocrx_word' id='word_1_274' title='bbox 1604 2863 1859 2932; x_wconf 89' lang='lat' dir='ltr'>pristinas</span> <span class='ocrx_word' id='word_1_275' title='bbox 1886 2864 2022 2933; x_wconf 90' lang='lat' dir='ltr'>lapsi</span> <span class='ocrx_word' id='word_1_276' title='bbox 2048 2864 2307 2916; x_wconf 87' lang='lat' dir='ltr'>licentias.</span> 
     </span>
     <span class='ocr_line' id='line_1_31' title="bbox 310 2948 2308 3018; baseline 0.002 -20"><span class='ocrx_word' id='word_1_277' title='bbox 310 2948 493 2999; x_wconf 91' lang='lat' dir='ltr'>Multo</span> <span class='ocrx_word' id='word_1_278' title='bbox 528 2956 709 3000; x_wconf 90' lang='lat' dir='ltr'>tamen</span> <span class='ocrx_word' id='word_1_279' title='bbox 747 2950 961 3001; x_wconf 85' lang='lat' dir='ltr'>duravit</span> <span class='ocrx_word' id='word_1_280' title='bbox 997 2950 1112 3002; x_wconf 86' lang='lat' dir='ltr'>haec</span> <span class='ocrx_word' id='word_1_281' title='bbox 1151 2968 1255 3018; x_wconf 86' lang='lat' dir='ltr'>pax</span> <span class='ocrx_word' id='word_1_282' title='bbox 1293 2958 1536 3018; x_wconf 90' lang='lat' dir='ltr'>tempore</span> <span class='ocrx_word' id='word_1_283' title='bbox 1574 2968 1680 3018; x_wconf 92' lang='lat' dir='ltr'>quo</span> <span class='ocrx_word' id='word_1_284' title='bbox 1709 2949 1960 3001; x_wconf 86' lang='lat' dir='ltr'>Chnutus</span> <span class='ocrx_word' id='word_1_285' title='bbox 2001 2950 2056 3001; x_wconf 92' lang='lat' dir='ltr'>in</span> <span class='ocrx_word' id='word_1_286' title='bbox 2100 2949 2308 3002; x_wconf 88' lang='lat' dir='ltr'>insidiis</span> 
     </span>
     <span class='ocr_line' id='line_1_32' title="bbox 308 3033 2308 3103; baseline 0.002 -19"><span class='ocrx_word' id='word_1_287' title='bbox 308 3041 422 3085; x_wconf 89' lang='lat' dir='ltr'>erat</span> <span class='ocrx_word' id='word_1_288' title='bbox 474 3033 759 3086; x_wconf 88' lang='lat' dir='ltr'>Godwino.</span> <span class='ocrx_word' id='word_1_289' title='bbox 838 3035 1234 3103; x_wconf 91' lang='lat' dir='ltr'>Frequentibus</span> <span class='ocrx_word' id='word_1_290' title='bbox 1284 3036 1511 3087; x_wconf 85' lang='lat' dir='ltr'>xeniolis</span> <span class='ocrx_word' id='word_1_291' title='bbox 1557 3044 1611 3087; x_wconf 91' lang='lat' dir='ltr'>et</span> <span class='ocrx_word' id='word_1_292' title='bbox 1654 3035 1902 3087; x_wconf 85' lang='lat' dir='ltr'>amicitioe</span> <span class='ocrx_word' id='word_1_293' title='bbox 1943 3035 2308 3087; x_wconf 86' lang='lat' dir='ltr'>simultatibus</span> 
     </span>
     <span class='ocr_line' id='line_1_33' title="bbox 307 3118 2309 3189; baseline 0 -19"><span class='ocrx_word' id='word_1_294' title='bbox 307 3118 467 3170; x_wconf 89' lang='lat' dir='ltr'>evicit</span> <span class='ocrx_word' id='word_1_295' title='bbox 500 3119 567 3170; x_wconf 91' lang='lat' dir='ltr'>ab</span> <span class='ocrx_word' id='word_1_296' title='bbox 606 3119 725 3188; x_wconf 86' lang='lat' dir='ltr'>ipso</span> <span class='ocrx_word' id='word_1_297' title='bbox 760 3127 871 3171; x_wconf 89' lang='lat' dir='ltr'>tam</span> <span class='ocrx_word' id='word_1_298' title='bbox 907 3121 1051 3171; x_wconf 91' lang='lat' dir='ltr'>credi</span> <span class='ocrx_word' id='word_1_299' title='bbox 1095 3139 1255 3189; x_wconf 89' lang='lat' dir='ltr'>quam</span> <span class='ocrx_word' id='word_1_300' title='bbox 1297 3129 1352 3171; x_wconf 89' lang='lat' dir='ltr'>et</span> <span class='ocrx_word' id='word_1_301' title='bbox 1389 3120 1571 3172; x_wconf 88' lang='lat' dir='ltr'>amari.</span> <span class='ocrx_word' id='word_1_302' title='bbox 1649 3120 1813 3173; x_wconf 71' lang='lat' dir='ltr'>Quod</span> <span class='ocrx_word' id='word_1_303' title='bbox 1850 3128 1913 3172; x_wconf 91' lang='lat' dir='ltr'>ut</span> <span class='ocrx_word' id='word_1_304' title='bbox 1949 3120 2060 3189; x_wconf 91' lang='lat' dir='ltr'>regi</span> <span class='ocrx_word' id='word_1_305' title='bbox 2099 3120 2309 3189; x_wconf 89' lang='lat' dir='ltr'>plenius</span> 
     </span>
     <span class='ocr_line' id='line_1_34' title="bbox 305 3203 2310 3274; baseline 0 -20"><span class='ocrx_word' id='word_1_306' title='bbox 305 3203 562 3266; x_wconf 90' lang='lat' dir='ltr'>innotuit,</span> <span class='ocrx_word' id='word_1_307' title='bbox 602 3204 816 3255; x_wconf 89' lang='lat' dir='ltr'>vocavit</span> <span class='ocrx_word' id='word_1_308' title='bbox 869 3221 1025 3268; x_wconf 83' lang='lat' dir='ltr'>eum3</span> <span class='ocrx_word' id='word_1_309' title='bbox 1076 3212 1204 3273; x_wconf 92' lang='lat' dir='ltr'>post</span> <span class='ocrx_word' id='word_1_310' title='bbox 1242 3203 1412 3255; x_wconf 90' lang='lat' dir='ltr'>multa</span> <span class='ocrx_word' id='word_1_311' title='bbox 1451 3203 1680 3273; x_wconf 87' lang='lat' dir='ltr'>suspiria</span> <span class='ocrx_word' id='word_1_312' title='bbox 1718 3203 2038 3274; x_wconf 89' lang='lat' dir='ltr'>crebrosque</span> <span class='ocrx_word' id='word_1_313' title='bbox 2074 3204 2310 3273; x_wconf 86' lang='lat' dir='ltr'>gemitus</span> 
     </span>
     <span class='ocr_line' id='line_1_35' title="bbox 307 3289 2310 3360; baseline -0 -19"><span class='ocrx_word' id='word_1_314' title='bbox 307 3291 416 3341; x_wconf 87' lang='lat' dir='ltr'>ait:</span> <span class='ocrx_word' id='word_1_315' title='bbox 469 3293 506 3318; x_wconf 73' lang='lat'>‘⁶</span> <span class='ocrx_word' id='word_1_316' title='bbox 532 3290 618 3341; x_wconf 93' lang='lat' dir='ltr'>De</span> <span class='ocrx_word' id='word_1_317' title='bbox 652 3299 831 3341; x_wconf 85' lang='lat' dir='ltr'>vestra</span> <span class='ocrx_word' id='word_1_318' title='bbox 872 3307 1055 3342; x_wconf 89' lang='lat' dir='ltr'>secure</span> <span class='ocrx_word' id='word_1_319' title='bbox 1096 3307 1367 3358; x_wconf 83' lang='lat' dir='ltr'>praesumo</span> <span class='ocrx_word' id='word_1_320' title='bbox 1408 3290 1583 3354; x_wconf 86' lang='lat' dir='ltr'>venia,</span> <span class='ocrx_word' id='word_1_321' title='bbox 1625 3290 1879 3360; x_wconf 89' lang='lat' dir='ltr'>quoniam</span> <span class='ocrx_word' id='word_1_322' title='bbox 1923 3298 1979 3343; x_wconf 86' lang='lat' dir='ltr'>et</span> <span class='ocrx_word' id='word_1_323' title='bbox 2021 3309 2120 3359; x_wconf 80' lang='lat' dir='ltr'>ego</span> <span class='ocrx_word' id='word_1_324' title='bbox 2155 3289 2310 3342; x_wconf 87' lang='lat' dir='ltr'>vobis</span> 
     </span>
     <span class='ocr_line' id='line_1_36' title="bbox 309 3375 2313 3444; baseline -0 -17"><span class='ocrx_word' id='word_1_325' title='bbox 309 3375 492 3427; x_wconf 91' lang='lat' dir='ltr'>omnia</span> <span class='ocrx_word' id='word_1_326' title='bbox 526 3376 706 3428; x_wconf 87' lang='lat' dir='ltr'>remisi</span> <span class='ocrx_word' id='word_1_327' title='bbox 741 3394 860 3444; x_wconf 87' lang='lat' dir='ltr'>quae</span> <span class='ocrx_word' id='word_1_328' title='bbox 894 3375 1175 3428; x_wconf 86' lang='lat' dir='ltr'>discordiae</span> <span class='ocrx_word' id='word_1_329' title='bbox 1200 3375 1344 3427; x_wconf 83' lang='lat' dir='ltr'>vices</span> <span class='ocrx_word' id='word_1_330' title='bbox 1377 3376 1637 3429; x_wconf 91' lang='lat' dir='ltr'>meruisse</span> <span class='ocrx_word' id='word_1_331' title='bbox 1662 3377 1943 3442; x_wconf 85' lang='lat' dir='ltr'>videntur3</span> <span class='ocrx_word' id='word_1_332' title='bbox 1983 3377 2102 3430; x_wconf 92' lang='lat' dir='ltr'>dico</span> <span class='ocrx_word' id='word_1_333' title='bbox 2128 3376 2313 3429; x_wconf 90' lang='lat' dir='ltr'>viden-</span> 
     </span>
    </p>
   </div>
  </div>
 </body>
</html>
