2638 3860
345 349 447 402 Cap.
467 348 603 401 xviii.]
956 351 1035 387 nn
1077 350 1261 387 Nnc-is
1303 349 1679 388 cUmALIUM.
2255 339 2318 386 91

315 476 493 528 fratris
518 475 647 530 victi
672 482 728 529 et
754 477 976 531 omnino
1002 478 1213 548 expulsi
1239 477 1491 531 misertus
1517 478 1622 549 ipsi
1647 495 1874 548 regnum
1901 476 2133 542 Parthis,
2157 475 2215 528 id
2240 483 2324 528 est

313 564 596 628 TurchiS,*
617 563 950 631 contiguum,
967 564 1098 617 utile
1119 564 1248 616 satis
1270 572 1324 616 et
1340 564 1581 634 amplum
1604 565 1698 617 sed
1717 563 2093 634 longinquum,
2114 562 2320 626 tribuit,

312 657 531 719 accepta
551 649 846 719 juramenti
873 650 1120 703 cautione
1145 650 1463 721 imperiique
1487 658 1750 721 perpetua
1773 650 2180 704 renunciatione
2206 656 2319 701 tam

311 735 379 788 ab
420 736 540 805 ipso
568 755 729 806 quam
770 735 837 788 ab
863 736 1147 789 Andronio
1172 737 1284 789 filio
1327 755 1425 790 suo
1458 744 1514 790 et
1537 737 1769 790 haerede.
1847 736 1990 789 Satis
2024 736 2216 789 fecisse
2243 735 2320 787 sic

311 829 471 890 putat
496 822 722 875 Manuel
759 823 987 892 justitiae
1013 824 1080 876 de
1105 823 1384 876 invasione
1424 831 1480 876 et
1518 824 1710 894 pietati
1749 824 1816 877 de
1854 842 1967 876 non
2009 823 2182 877 evicta
2222 824 2319 876 do-

311 908 547 961 natione.
611 909 838 961 Mortuo
857 910 1211 979 postmodum
1227 910 1509 963 Andronio
1529 918 1700 980 patre,
1718 910 1985 963 instaurat
2004 910 2318 963 Andronius

310 994 481 1046 haeres
498 994 761 1064 iteratque
779 995 1024 1047 Manueli
1040 995 1364 1049 cautionem.
1441 995 1567 1048 Hiis
1585 996 1816 1049 fideliter
1831 995 2129 1050 observatis
2145 1013 2318 1066 usque

310 1080 379 1131 ad
427 1087 672 1149 tempora
715 1079 872 1132 Lucii
918 1099 1091 1150 papae,
1129 1080 1222 1150 qui
1258 1081 1569 1134 Alexandro
1605 1099 1762 1152 papae
1800 1081 1961 1134 tertio
2001 1081 2316 1146 successit,†

307 1166 447 1218 rexit
471 1165 758 1235 imperium
783 1166 1073 1236 praedictus
1113 1167 1340 1219 Manuel
1375 1166 1700 1233 felicissime,
1739 1166 2050 1237 accepitque
2076 1167 2187 1220 filio
2215 1184 2314 1218 suo

309 1251 556 1304 Manueli
612 1251 828 1318 filiam‡
884 1251 1149 1305 Lodovici
1196 1252 1336 1323 regis
1391 1253 1650 1318 Franciae,
1720 1253 2057 1322 decessitque
2119 1253 2315 1322 plenus

307 1337 516 1389 dierum
577 1336 808 1390 fideliter
869 1345 924 1391 et
961 1338 1202 1405 feliciter,
1265 1347 1493 1409 excepto
1546 1341 1692 1409 quod
1732 1339 1878 1391 filius
1928 1339 2045 1408 ejus
2095 1338 2316 1390 nonnisi

309 1423 586 1493 septennis
626 1424 845 1476 relictus
887 1432 987 1490 est,
1029 1432 1084 1477 et
1123 1425 1180 1477 in
1207 1444 1373 1478 manu
1411 1426 1694 1495 cujusdam
1723 1425 1902 1478 Graeci
1928 1424 2021 1494 qui
2047 1443 2115 1477 ex
2140 1423 2316 1476 officio

306 1510 702 1580 protosalvator
742 1511 919 1563 dictus
960 1512 1093 1579 est.§
1173 1512 1297 1564 Hiis
1339 1512 1536 1564 auditis
1576 1510 1909 1577 AndroniuS,
1947 1511 2088 1563 sicut
2127 1517 2212 1562 est
2238 1510 2318 1561 vir

306 1596 558 1666 pessimae
585 1596 836 1662 audaciae,
882 1597 974 1667 qui
1011 1598 1126 1667 jam
1168 1597 1253 1650 bis
1297 1597 1514 1668 negavit
1554 1597 1853 1661 Christum,
1893 1596 2116 1648 adulans
2157 1595 2260 1647 sibi
2286 1614 2318 1647 a

306 1681 535 1734 Turchis
561 1683 821 1734 auxilium
847 1684 1010 1735 etiam
1037 1702 1184 1736 nunc
1209 1683 1369 1737 tertio
1395 1692 1457 1736 ut
1496 1683 1649 1736 aiunt
1673 1682 1906 1752 negavit,
1934 1691 1989 1734 et
2013 1681 2183 1734 ascita
2215 1680 2316 1732 sibi

306 1787 502 1838 magna
539 1787 706 1820 manu
747 1767 1163 1821 Sarracenorum
1203 1787 1302 1839 per
1340 1769 1544 1822 vicinas
1587 1768 1863 1821 Manuelis
1903 1766 2109 1818 insulas
2149 1766 2317 1819 finiti-

304 1872 527 1923 masque
553 1853 858 1924 provincias
886 1854 1158 1923 querelam
1184 1854 1395 1920 detulit,
1416 1855 1627 1925 fingens
1647 1853 2130 1924 protosalvatorem
2148 1869 2317 1904 uxore

305 1940 512 1992 domini
539 1940 623 1992 sui
649 1940 801 1992 abuti
827 1948 884 1992 et
910 1939 1012 1992 sibi
1037 1940 1384 1993 matrimonio
1403 1942 1540 1993 velle
1566 1941 1911 2011 conjungere,
1937 1938 2232 2007 ambosque
2258 1938 2316 1990 in

303 2044 493 2078 necem
517 2025 671 2095 pueri
698 2025 970 2077 Manuelis
992 2026 1302 2094 conjurasse
1321 2027 1408 2078 vel
1426 2026 1608 2096 ipsum
1628 2027 1741 2096 jam
1762 2025 2112 2089 interfecisse,
2132 2032 2195 2076 ut
2215 2023 2315 2076 sub

304 2111 646 2164 simulatione
685 2111 900 2180 pietatis
940 2112 1101 2163 simul
1137 2112 1423 2182 imperent,
1463 2132 1520 2165 se
1546 2132 1670 2165 cum
1706 2112 1917 2165 Latinis
1945 2129 2189 2163 asserens
2215 2129 2316 2180 pu-

303 2197 434 2267 pillo
472 2196 586 2248 fore
618 2203 854 2247 tutorem
893 2195 1289 2261 fidelissimum,
1329 2197 1375 2248 si
1399 2198 1675 2250 favoribus
1714 2216 1901 2250 eorum
1940 2204 1995 2249 et
2020 2196 2231 2248 auxiliis
2258 2196 2315 2247 id

302 2282 555 2353 prosequi
590 2281 813 2350 dignum
856 2281 1131 2345 ducerent,
1157 2282 1457 2352 auferrique
1498 2283 1564 2336 de
1590 2283 1768 2336 medio
1796 2282 2107 2335 scandalum
2135 2289 2190 2333 et
2216 2282 2315 2333 du·-

302 2368 616 2439 plicitatem.
693 2366 818 2418 Hiis
860 2366 1011 2418 addit
1058 2367 1341 2435 promissis
1384 2386 1609 2421 munera
1643 2368 1947 2431 lacrimam,
1987 2385 2311 2436 omnemque

296 2454 434 2525 justi
474 2451 673 2505 doloris
717 2451 1125 2504 similitudinem
1167 2452 1404 2504 creditur
1442 2461 1497 2505 et
1535 2453 1593 2504 in
1620 2453 1901 2505 custodem
1928 2452 2218 2521 adoptatur
2241 2453 2309 2505 ab

302 2538 556 2593 omnibus
583 2546 639 2591 et
663 2546 898 2590 tutorem
923 2537 1133 2608 pupilli.
1207 2537 1448 2590 Veniens
1468 2538 1631 2608 igitur
1648 2539 1705 2590 in
1725 2556 1891 2590 manu
1910 2556 2103 2606 magna
2123 2537 2309 2592 obvias

301 2627 440 2679 acies
467 2644 498 2677 a
521 2625 952 2694 protosalvatore
979 2623 1276 2676 destinatas
1303 2624 1573 2689 contrivit,
1599 2642 1713 2677 non
1737 2623 1929 2676 bellica
1953 2623 2153 2676 virtute
2179 2642 2307 2677 con-

300 2713 486 2777 fectaS,
512 2718 568 2763 at
592 2709 659 2762 ab
685 2709 820 2781 ipsis
856 2727 1040 2762 earum
1079 2709 1311 2762 ducibus
1346 2710 1415 2762 ad
1439 2718 1669 2763 mortem
1708 2709 2005 2780 proditorie
2042 2709 2307 2763 venditas,

354 2851 380 2878 *
408 2853 497 2892 The
515 2853 652 2893 Turks
671 2851 872 2905 (Seljuks)
894 2852 976 2891 had
1001 2853 1092 2892 first
1111 2852 1279 2893 become
1389 2853 1414 2901 Σ
1447 2853 1522 2892 See
1541 2852 1612 2892 the
1633 2856 1731 2892 note
1751 2865 1806 2892 on
1824 2852 1895 2892 the
1915 2853 2136 2904 preceding
2154 2865 2271 2904 page.

300 2920 543 2960 formidable
562 2925 606 2960 to
625 2922 697 2960 the
717 2921 853 2961 Greek
866 2921 1020 2972 empire
1034 2921 1079 2959 in
1089 2921 1161 2960 the
1177 2921 1279 2961 East
1390 2922 1410 2966 §
1439 2921 1540 2960 This
1575 2934 1746 2972 appears
1779 2924 1823 2960 to
1851 2920 1902 2959 be
1934 2933 1958 2958 a
1990 2921 2229 2972 corruption
2261 2921 2309 2960 of

299 2989 344 3027 in
373 2988 443 3027 the
483 2989 674 3027 eleventh
702 2993 889 3040 century,
919 2989 1001 3027 and
1031 2988 1172 3028 before
1205 2989 1276 3029 the
1331 2988 1402 3027 the
1434 2989 1524 3028 title
1549 2990 1859 3028 Protosebastus
1878 2987 2303 3045 (πρωτοσέβαστος),

299 3056 452 3095 middle
495 3056 543 3095 of
577 3057 648 3095 the
676 3056 836 3095 twelfth
873 3060 1046 3107 century
1074 3056 1171 3107 they
1194 3057 1277 3096 had
1330 3060 1463 3099 which
1482 3073 1562 3099 was
1581 3061 1702 3110 given
1721 3065 1764 3099 to
1783 3060 1854 3099 the
1874 3060 1988 3099 chief
2002 3061 2138 3099 officer
2157 3061 2205 3099 of
2232 3062 2304 3101 the

299 3124 532 3175 conquered
569 3137 682 3164 some
718 3124 766 3163 of
806 3124 862 3163 its
900 3127 1009 3164 most
1051 3124 1276 3175 important
1331 3128 1506 3167 Eastern
1524 3128 1710 3179 imperial
1741 3132 1873 3167 court.
1931 3128 2068 3180 Ralph
2084 3127 2133 3166 de
2154 3128 2303 3168 Diceto

298 3193 530 3244 provinces.
1330 3195 1427 3234 calls
1451 3195 1539 3233 him
1550 3195 1894 3245 protosalvastus,
1915 3195 2064 3246 Ymag.
2088 3195 2200 3235 Hist.
2223 3198 2301 3236 col.

350 3263 381 3306 †
410 3261 560 3300 Lucius
576 3260 663 3300 III.
690 3260 912 3300 suceeeded
931 3259 1161 3299 Alexander
1183 3258 1270 3298 ΙΙΙ.
1327 3262 1422 3309 614,
1443 3262 1576 3301 where
1593 3262 1709 3301 there
1727 3262 1762 3301 is
1777 3275 1802 3301 a
1814 3262 1923 3302 brief
1937 3267 2114 3303 account
2126 3263 2174 3303 of
2188 3276 2301 3305 some

296 3329 340 3367 in
355 3329 425 3368 the
437 3341 592 3381 papacy
600 3341 653 3368 on
668 3329 738 3368 the
750 3332 811 3369 lst
823 3329 869 3369 of
878 3328 1133 3381 September,
1151 3330 1270 3366 1181.
1327 3329 1374 3369 of
1389 3329 1459 3370 the
1477 3334 1616 3370 events
1634 3329 1730 3370 here
1751 3329 1914 3370 alluded
1932 3334 1990 3370 to.
