2638 3860
956 307 1034 341 DE
1075 306 1261 342 Nucrs
1303 305 1678 343 CURIALIUM.
2265 299 2328 345 61

347 308 447 361 Cap.
463 308 574 347 xxix.
589 307 704 358 xxx.]

319 433 643 504 quicumque
654 434 834 485 Deum
852 431 1030 501 aliquo
1048 433 1211 485 modo
1240 433 1618 503 derelinquunt
1633 433 1916 486 horrendis
1942 451 2129 487 eorum
2156 436 2333 489 adhae-

317 527 439 571 rent
483 520 728 572 coetibus,
806 517 1161 588 Multiplicati
1207 526 1336 570 sunt
1378 519 1493 587 jam
1545 536 1706 587 super
1756 538 1975 572 omnem
2025 540 2332 587 numerum,

318 607 623 658 maluerunt
649 605 773 675 quia
798 605 1091 674 phalanges
1128 604 1448 668 Leviathan‚
1491 611 1554 655 ut
1579 604 1685 656 tuti
1709 605 1981 658 resideant
2014 615 2110 659 aut
2153 614 2334 661 errent

317 710 415 761 per
439 692 743 762 provincias
770 699 826 744 et
850 709 1016 760 regna
1042 710 1165 743 cum
1192 691 1317 743 odio
1345 690 1452 743 Dei
1477 698 1532 742 et
1555 690 1859 743 hominum.

754 834 836 885 De
862 832 1087 899 quadam
1113 832 1222 883 alia
1245 837 1385 883 secta
1411 832 1704 883 eorundem.
1779 847 1907 882 xxx.
1965 844 1967 846 ·

391 925 496 976 Est
521 924 684 977 etiam
714 924 816 976 alia
840 930 998 976 vetus
1023 922 1244 974 haeresis
1284 923 1351 974 de
1385 941 1529 975 novo
1565 941 1727 992 supra
1757 924 1982 976 modum
2021 933 2331 996 propagata,

320 1010 522 1062 ducens
551 1010 812 1079 originem
838 1027 903 1061 ex
929 1008 1014 1060 his
1043 1007 1135 1076 qui
1161 1007 1464 1059 Dominum
1500 1007 1814 1076 loquentem
1841 1009 1908 1062 de
1934 1028 2091 1063 carne
2119 1030 2216 1063 sua
2241 1031 2331 1065 co-

318 1095 585 1147 medenda
622 1103 677 1147 et
716 1093 974 1162 sanguine
1014 1093 1252 1145 bibendo
1280 1092 1697 1161 dereliquerunt,
1733 1094 1991 1159 dicenteS,
2029 1097 2216 1148 Durus
2241 1097 2331 1150 hic

320 1197 529 1245 serm03
558 1188 614 1231 et
639 1179 900 1231 abeuntes
926 1185 1090 1242 retr0,
1117 1177 1247 1229 dicti
1283 1185 1412 1229 sunt
1439 1177 1719 1229 Publicani
1743 1179 1828 1231 vel
1857 1179 2151 1233 Paterini.>¹<
2226 1183 2332 1234 La-

316 1272 539 1317 tuerunt
564 1271 745 1316 autem
771 1282 802 1315 a
828 1263 1018 1315 diebus
1046 1263 1330 1315 dominicae
1356 1262 1624 1332 passionis
1658 1263 1801 1316 inter
1829 1263 2167 1318 Christianos
2204 1285 2330 1335 pas-

317 1348 438 1414 sim,
476 1356 752 1418 erantque,
778 1349 953 1418 primo
993 1349 1211 1418 quidem
1248 1348 1435 1401 unicas
1461 1347 1736 1402 habebant
1759 1349 1817 1400 in
1851 1350 1991 1402 villis
2019 1369 2151 1420 quas
2177 1351 2332 1403 inha-

316 1434 565 1487 bitabant
591 1436 801 1498 domOS,
828 1443 883 1486 et
920 1434 1281 1502 undecunque
1317 1433 1597 1486 venissent
1638 1433 1836 1504 singuli
1880 1435 2071 1488 domos
2108 1455 2231 1488 suas
2271 1437 2329 1488 in

315 1521 486 1573 fumo,
550 1520 870 1572 Noscebant
894 1528 957 1571 ut
983 1520 1135 1571 aiunt
1157 1519 1518 1589 Evangelium
1544 1519 1582 1571 J
1585 1520 1832 1572 ohannis,
1909 1521 2039 1573 Non
2058 1521 2331 1591 accipiunt

319 1606 386 1658 de
411 1624 634 1675 corpore
662 1605 867 1657 Christi
893 1612 948 1657 et
974 1605 1251 1674 sanguine,
1276 1623 1417 1674 pane
1442 1604 1729 1657 benedicto
1755 1624 1855 1657 nos
1883 1606 2146 1658 derident.
2210 1607 2329 1660 Viri

318 1703 374 1744 et
397 1692 612 1744 feminae
639 1691 967 1755 cohabitant,
993 1709 1092 1743 nec
1131 1697 1395 1759 apparent
1429 1689 1557 1741 inde
1590 1689 1688 1741 filii
1724 1691 1811 1743 vel
1846 1691 1988 1745 filiae.
2064 1692 2328 1762 Resipue-

316 1784 446 1829 runt
466 1785 648 1829 autem
674 1777 850 1840 multi,
877 1775 1183 1844 reversique
1210 1776 1278 1827 ad
1303 1775 1466 1827 fidem
1488 1783 1740 1827 enarrant
1765 1777 1909 1846 quod
1936 1777 2073 1830 circa
2097 1778 2328 1846 primam

316 1862 493 1915 noctis
517 1862 772 1932 vigiliam,
807 1861 1003 1913 clausis
1048 1879 1235 1912 eorum
1270 1861 1469 1929 januiS‚
1499 1861 1711 1926 hostiis,
1750 1869 1805 1913 et
1828 1861 2100 1927 fenestriS,
2135 1881 2328 1931 expec-

317 1956 495 2000 tantes
521 1948 578 1999 in
606 1948 829 2017 singulis
852 1946 1120 2016 sinagogis
1149 1946 1260 1998 suis
1290 1946 1515 2016 singulae
1537 1947 1760 1999 sedeant
1783 1947 1838 1998 in
1858 1947 2073 1999 silentio
2093 1947 2327 2012 familiae,

320 2033 704 2103 descenditque
744 2051 840 2102 per
865 2034 1052 2084 funem
1093 2051 1395 2102 appensum
1437 2032 1494 2084 in
1534 2033 1715 2086 medio
1757 2033 1905 2085 mirae
1940 2032 2326 2102 magnitudinis

317 2120 622 2188 murelegus
659 2119 824 2188 niger,
853 2137 1013 2188 quem
1041 2137 1166 2170 cum
1198 2118 1434 2171 viderint
1465 2118 1763 2171 luminibus
1798 2117 2051 2171 extinctis
2092 2117 2326 2188 hymnos

317 2222 431 2256 non
458 2204 764 2268 decantant,
789 2222 901 2255 non
929 2204 1183 2256 distincte
1222 2205 1428 2269 dicunt,
1462 2206 1557 2257 sed
1590 2205 1867 2256 ruminant
1897 2203 2115 2255 assertis
2151 2203 2327 2254 denti-

316 2288 440 2354 bus,
485 2290 852 2358 acceduntque
891 2289 987 2342 ubi
1027 2290 1310 2342 dominum
1345 2309 1504 2342 suum
1541 2290 1776 2342 viderint
1810 2289 2110 2358 palpanteS‚
2137 2288 2327 2339 inven-

318 2381 544 2443 tumque
594 2375 973 2427 deosculantur
1023 2374 1248 2444 quisque
1301 2375 1599 2426 secundum
1650 2373 1795 2442 quod
1846 2372 2104 2441 ampliore
2153 2372 2325 2424 fervet

317 2459 527 2512 insania
559 2460 834 2526 humilius,
870 2461 1088 2530 quidam
1113 2460 1299 2530 pedeS,
1339 2459 1558 2529 plurimi
1600 2458 1700 2510 sub
1733 2457 1918 2521 cauda,
1944 2455 2184 2526 plerique
2223 2474 2325 2525 pu-

372 2605 398 2630 *
426 2608 514 2647 The
554 2621 672 2647 name
712 2608 940 2653 Publicani,
985 2607 1210 2659 poplicani,
1248 2620 1296 2646 or
1349 2607 1494 2646 teenth
1508 2608 1697 2656 century,
1717 2604 1763 2643 in
1781 2604 1846 2642 his
1867 2603 2148 2642 Toumament
2166 2603 2214 2642 of
2234 2603 2322 2643 An-

320 2676 561 2727 Populicani
602 2676 707 2728 (said
745 2681 788 2715 to
821 2677 872 2715 be
911 2689 935 2714 a
978 2675 1217 2726 corruption
1255 2675 1302 2713 of

317 2743 592 2796 Pauliciani),
613 2758 694 2783 was
712 2745 832 2795 given
853 2749 896 2783 to
911 2757 934 2781 a
949 2748 1035 2783 sect
1055 2743 1102 2781 of
1123 2743 1298 2781 heretics

320 2812 455 2851 which
474 2824 589 2850 arose
604 2814 647 2850 in
672 2812 826 2850 France
848 2812 998 2861 during
1017 2811 1088 2849 the
1107 2810 1296 2849 eleventh

320 2880 401 2918 and
420 2880 579 2918 twelfth
605 2880 822 2926 centuries,
843 2880 923 2917 and
942 2879 1075 2917 which
1089 2878 1124 2917 is
1144 2878 1232 2916 said
1252 2882 1295 2916 to

320 2948 423 2986 have
451 2947 555 2986 been
586 2947 769 2997 strongly
788 2947 969 2985 infected
986 2946 1086 2985 with
1106 2946 1175 2984 the
1195 2945 1292 2984 doc-

320 3016 449 3054 trines
466 3015 512 3053 of
526 3015 596 3053 the
612 3015 911 3053 Manichaeans.
967 3015 1083 3065 They
1098 3027 1166 3052 are
1179 3026 1293 3052 men-

320 3084 463 3123 tioned
481 3084 524 3121 in
553 3083 704 3122 several
735 3082 781 3121 of
806 3082 878 3120 the
907 3082 975 3120 old
994 3082 1178 3127 writers3
1212 3080 1294 3119 and

320 3152 392 3190 the
430 3163 547 3190 name
578 3151 741 3189 became
778 3150 823 3188 in
856 3149 1016 3188 French
1046 3162 1070 3187 a
1101 3160 1293 3187 common

321 3224 428 3259 term
461 3219 525 3258 for
562 3232 586 3256 a
623 3219 793 3257 heretic.
854 3218 980 3256 Huon
1020 3217 1069 3256 de
1107 3216 1236 3263 Berti,
1269 3229 1294 3254 a

322 3287 483 3327 French
502 3288 638 3327 writer
653 3287 698 3326 of
712 3288 781 3326 the
797 3286 1018 3337 beginning
1037 3285 1082 3325 of
1099 3285 1167 3324 the
1186 3284 1289 3323 thir-

1350 2675 1530 2721 tichrist,
1552 2686 1658 2725 says,

1465 2745 1492 2763 “
1512 2742 1576 2780 De
1591 2740 1705 2779 Biois
1725 2743 1766 2778 et
1786 2739 1835 2778 de
1854 2735 2093 2784 Tolousain‚

1514 2809 1572 2847 Et
1592 2809 1641 2846 de
1662 2807 1816 2845 Painne
1835 2809 1877 2844 et
1896 2806 1946 2844 de
1966 2805 2139 2851 Mielan,

1515 2876 1536 2916 I
1558 2881 1603 2915 ot
1622 2875 1788 2913 milliers
1807 2878 1848 2912 et
1867 2886 1919 2911 ne
1939 2873 1998 2911 sai
2017 2884 2147 2923 quans

1513 2944 1578 2982 De
1597 2944 1771 2992 bougres
1791 2947 1832 2980 et
1851 2941 1900 2979 de
1913 2940 2187 2990 popelican8.”

1348 3012 1437 3051 The
1467 3012 1648 3051 Paterini
1666 3023 1785 3057 were,
1820 3009 2072 3060 apparently,
2108 3008 2162 3059 by
2189 3007 2322 3058 origin

1348 3084 1391 3118 at
1419 3080 1537 3126 least,
1558 3092 1582 3117 a
1613 3078 1801 3117 different
1832 3083 1945 3118 sect:
1975 3076 2051 3114 but
2083 3076 2166 3115 this
2202 3088 2322 3115 name

1348 3160 1429 3186 was
1466 3147 1551 3185 also
1579 3147 1623 3185 in
1652 3147 1723 3185 the
1753 3145 1894 3196 sequel
1921 3144 2042 3195 given
2073 3149 2117 3183 to
2155 3145 2320 3183 various

1348 3218 1471 3261 sects,
1496 3214 1575 3252 and
1594 3226 1654 3252 we
1683 3225 1783 3253 even
1813 3213 1899 3252 find
1931 3213 1965 3252 it
1995 3212 2159 3264 applied
2186 3216 2230 3251 to
2250 3212 2320 3251 the

1347 3282 1603 3322 Waldenses.
