2638 3860
355 387 417 433 12
1053 393 1360 430 GUALTEm
1402 391 1600 426 MAPEs
2022 386 2221 438 [Distinc.
2244 385 2298 426 L*

351 521 492 574 enim
519 539 658 573 eram
687 522 826 590 quod
853 520 983 571 mihi
1020 517 1299 570 consilium
1344 515 1488 567 canis
1529 515 1732 565 darent.
1806 510 1979 563 Vetus
2005 520 2089 563 est
2113 518 2167 563 et
2191 516 2322 562 nota

352 603 617 673 parabola,
667 602 808 671 quod
857 608 1113 652 tractante
1163 597 1380 648 domino
1425 614 1547 647 cum
1590 612 1756 646 uxore
1801 614 1895 648 sua
1920 596 2049 666 quid
2072 597 2129 648 in
2163 595 2323 647 ollam

354 687 419 738 de
467 695 719 755 petasone
755 686 1042 746 mitterent,
1086 683 1160 734 ait
1199 681 1414 732 domina
1463 680 1620 744 latus,
1660 679 1908 731 dominus
1949 680 2194 749 spinam3
2239 677 2325 730 cui

353 770 515 833 caniS,
554 774 589 799 “
608 770 844 838 Spinam,
884 769 980 832 vir,
1022 767 1171 836 quasi
1207 766 1361 817 vince
1385 764 1542 829 vires,
1569 771 1632 814 ut
1658 764 1723 816 de
1748 763 2058 815 melioribus
2084 764 2323 832 pascar.'’

355 853 594 905 Sciebam
645 860 820 904 autem
873 853 1015 921 quod
1063 851 1139 902 illi
1183 850 1353 901 simile
1403 849 1685 900 consilium
1736 848 1941 911 darent,
1995 848 2052 898 id
2095 854 2195 911 est,
2257 847 2327 899 ad

354 954 501 987 suam
528 938 827 1000 utilitatem,
854 955 970 988 mea
995 936 1250 1005 neglecta.
1320 934 1524 985 Videns
1563 950 1686 1001 ergo
1726 933 1854 1001 quid
1886 932 2102 996 vellent,
2142 932 2327 984 distuli

354 1021 494 1087 quod
526 1021 796 1088 petebant,
829 1039 1116 1090 pueroque,
1154 1020 1275 1088 quia
1320 1019 1411 1088 qui
1460 1026 1589 1070 tunc
1623 1019 1795 1070 adhuc
1832 1018 2038 1086 flagella
2081 1016 2327 1081 timebat,

354 1121 531 1155 curam
580 1106 836 1170 omnium,
891 1125 1012 1157 cum
1048 1103 1481 1156 interminatione
1523 1121 1591 1154 ne
1630 1103 1757 1171 quid
1797 1103 2102 1154 inconsulto
2136 1120 2223 1154 me
2248 1102 2326 1153 fa-

354 1198 510 1252 ceret,
537 1191 794 1242 commisi.
855 1190 1102 1242 Timebat
1120 1190 1207 1241 ille
1222 1188 1414 1258 primo,
1433 1187 1714 1256 bonusque
1739 1187 1856 1239 fuit.
1919 1189 2057 1239 Tum
2078 1188 2154 1238 illi
2169 1187 2326 1239 furtis

353 1273 686 1339 insistebant,
711 1276 928 1328 insidias
955 1276 1003 1327 ei
1028 1283 1306 1344 ponentes,
1370 1274 1468 1324 Ille
1488 1272 1757 1341 quaerebat
1773 1272 1985 1337 amissa,
2007 1272 2327 1341 querebatur

355 1365 409 1408 et
424 1358 600 1410 flebat.
656 1360 772 1428 Ego
791 1360 1019 1411 sciebam
1042 1359 1168 1428 quid
1184 1365 1441 1427 ageretur.
1484 1357 1570 1408 Illi
1586 1357 1798 1426 culpam
1813 1358 1869 1409 in
1890 1377 1976 1410 me
1996 1358 2326 1421 refuderunt,

354 1445 497 1510 quod
534 1451 616 1495 tot
657 1453 710 1496 et
757 1453 959 1497 tantam
1002 1446 1182 1496 idiotae
1230 1462 1410 1496 curam
1459 1443 1864 1507 commisissem,
1903 1451 1958 1495 et
1997 1443 2327 1512 adjecerunt,

354 1530 390 1556 “
408 1527 611 1580 Omnes
629 1530 885 1581 mirantur
900 1538 954 1581 et
969 1530 1152 1581 dolent
1170 1529 1236 1579 de
1254 1527 1426 1591 vobiS,
1445 1527 1489 1578 si
1508 1529 1587 1578 fas
1604 1535 1747 1579 esset
1763 1528 1989 1580 dicere.''
2064 1532 2100 1557 “
2116 1528 2294 1580 Dicite
2314 1548 2326 1579 ε

353 1610 423 1662 sit
453 1612 586 1663 fas?
658 1617 693 1642 “
715 1614 889 1677 Certe,
916 1614 1059 1683 quod
1096 1620 1206 1664 tam
1231 1612 1406 1663 bonus
1440 1618 1551 1662 tam
1588 1610 1767 1663 subito
1798 1620 2038 1664 mutatus
2069 1631 2143 1677 es,
2179 1620 2235 1665 et
2269 1613 2327 1663 in

353 1702 462 1746 tam
488 1697 775 1749 notabilem
807 1699 988 1767 lapsus
1015 1697 1305 1760 avaritiam,
1331 1703 1393 1747 ut
1418 1694 1597 1747 omnia
1631 1695 1764 1748 scire
1800 1697 1932 1749 velis
1959 1704 2014 1749 et
2032 1696 2329 1748 arctissima

352 1780 575 1832 retinere
610 1783 866 1834 custodia.
942 1782 1336 1834 Confundimur
1373 1797 1559 1831 omnes
1595 1780 1662 1830 ad
1696 1798 1756 1831 ea
1808 1801 1926 1850 quae
1963 1783 2028 1833 de
2057 1781 2212 1834 vobis
2249 1783 2329 1834 lo-

354 1867 641 1931 quuntur.''
718 1867 839 1917 Hiis
872 1867 1027 1918 dictis
1048 1866 1328 1918 consilium
1353 1864 1588 1915 inierunt
1622 1865 1834 1917 crudele
1870 1866 2017 1918 satis,
2091 1866 2331 1919 Exibant

354 1947 411 1998 in
446 1948 591 2000 vicos
623 1957 676 2001 et
707 1950 926 2018 plateaS,
957 1957 1011 2001 et
1046 1969 1100 2000 se
1126 1949 1318 2000 missos
1345 1967 1375 2000 a
1399 1966 1485 2000 me
1505 1948 1825 2014 fatebantur,
1863 1958 1926 2002 ut
1950 1952 2333 2020 compellerent

356 2040 590 2084 errantes
614 2034 826 2086 intrare.
903 2034 1011 2088 Qui
1038 2034 1183 2086 domi
1217 2041 1367 2086 erant
1392 2052 1601 2085 mecum
1626 2033 1774 2102 ipsos
1812 2054 1936 2087 cum
1970 2036 2139 2087 multa
2170 2055 2333 2089 vene-

355 2116 559 2168 ratione
581 2118 956 2187 suscipiebant,
977 2119 1213 2171 dicentes
1252 2137 1337 2170 me
1374 2118 1534 2169 nimis
1568 2136 1659 2170 eos
1687 2119 1985 2171 desiderare
2011 2121 2332 2189 frequenter,

358 2199 480 2267 quia
495 2202 672 2252 venire
687 2203 1055 2270 precabantur.
1117 2203 1205 2254 Ad
1222 2221 1306 2255 me
1322 2221 1448 2254 vero
1466 2211 1735 2255 currentes
1753 2203 2074 2255 nuntiabant
2089 2204 2332 2273 hospites

357 2282 500 2334 viros
520 2285 844 2338 venerabiles
865 2288 1067 2352 adesse,
1088 2287 1451 2357 cogebantque
1467 2288 1821 2357 congratulari
1845 2289 2138 2342 nolentem.
2199 2291 2329 2342 Dis-

358 2368 649 2434 pergebant
668 2389 790 2439 ergo
810 2372 987 2424 cibum
1008 2381 1062 2425 et
1090 2380 1298 2441 potum,
1316 2381 1370 2425 et
1386 2374 1530 2442 quod
1550 2392 1635 2425 me
1655 2374 1797 2424 nolle
1818 2373 2058 2426 sciebant
2076 2374 2181 2443 ipsi
2196 2376 2334 2444 gulae

360 2469 534 2502 coram
562 2472 645 2505 me
678 2455 837 2507 nimis
863 2457 1150 2510 enormiter
1173 2457 1538 2526 indulgebant,
1565 2466 1620 2511 et
1652 2458 1902 2510 distincte
1937 2458 2201 2527 cogebant
2235 2479 2336 2528 po-

359 2543 533 2588 tentes
554 2546 607 2590 et
624 2539 964 2608 impotenteS,
990 2541 1231 2594 volentes
1253 2550 1307 2594 et
1326 2544 1588 2609 nolenteS,
1609 2551 1669 2595 ut
1702 2544 2104 2596 effunderentur
2140 2545 2337 2610 omnia,

361 2621 510 2687 quasi
547 2641 666 2675 meo
699 2633 1012 2693 praestantes
1051 2626 1368 2695 obsequium
1393 2627 1587 2679 honori
1618 2628 1792 2679 solum
1830 2628 1886 2678 id
1920 2635 2156 2696 agentes,
2193 2637 2338 2682 recte

364 2722 573 2773 quoque
605 2709 896 2760 secundum
921 2718 1248 2779 praeceptum
1279 2711 1503 2763 Domini
1528 2729 1639 2763 non
1666 2711 1972 2780 cogitabant
2003 2711 2068 2763 de
2089 2713 2340 2779 crastinO,

365 2788 650 2841 mittebant
668 2791 810 2842 enim
827 2794 1005 2844 omnia
1024 2794 1180 2845 foras,
1256 2794 1397 2846 Cum
1417 2795 1687 2847 ebrietatis
1718 2813 1811 2847 eos
1845 2794 2149 2863 arguebam,
2185 2797 2340 2850 laetos

369 2890 425 2924 se
444 2873 607 2924 fuisse
625 2893 735 2926 non
755 2875 928 2928 ebrios
956 2877 1226 2946 jurabant,
1247 2885 1302 2930 et
1317 2897 1403 2931 me
1419 2879 1704 2945 crudelem,
1740 2880 1830 2949 qui
1851 2880 1995 2948 quod
2013 2880 2206 2933 honori
2222 2901 2343 2935 meo

367 2964 634 3023 gratanter
650 2959 1021 3028 impenderant
1035 2963 1504 3031 reprehendebam.
1547 2964 1687 3015 Cum
1707 2964 1773 3016 ab
1794 2965 2015 3017 ecclesia
2035 2984 2190 3019 mane
2206 2968 2345 3021 redi-

369 3038 510 3103 bam,
534 3041 711 3110 ignem
745 3044 1021 3112 copiosum
1050 3046 1314 3111 videbam,
1346 3055 1400 3099 et
1414 3048 1693 3100 hesternos
1723 3049 1983 3118 hospiteS,
2004 3069 2139 3119 quos
2169 3051 2346 3106 abisse

375 3125 681 3191 sperabam3
716 3127 914 3180 circum
945 3130 1078 3182 duce
1111 3130 1375 3196 dicebant,
1401 3132 1524 3201 quia
1543 3133 1676 3184 mihi
1702 3142 1905 3186 secreto
1932 3135 2038 3186 mei
2061 3136 2347 3203 prandium

373 3214 576 3275 petent,
609 3213 645 3238 “
663 3210 847 3280 Longe
871 3221 1066 3281 putant
1088 3214 1402 3284 hospitium,
1428 3217 1676 3269 nesciunt
1707 3219 1836 3288 quid
1861 3219 2153 3271 invenient.
2191 3220 2229 3272 J
2231 3229 2349 3273 acta

375 3291 715 3344 manubrium
738 3303 863 3362 post
888 3297 1145 3362 securim3
1187 3298 1325 3351 bene
1351 3300 1579 3369 coepisti,
1619 3302 1690 3354 sit
1713 3302 1890 3355 bonus
1915 3303 2058 3355 finis.
2119 3304 2245 3355 Non
2276 3305 2349 3356 sis

370 3375 654 3442 ,sollicituS,
693 3378 844 3431 Deus
876 3381 1117 3435 nondum
1141 3383 1321 3437 omnia
1342 3385 1572 3455 partitus
1597 3394 1698 3441 est.
1770 3388 1855 3442 Tu
1879 3406 1989 3440 non
2008 3406 2222 3458 pensaS,
2248 3390 2354 3444 nisi
