2638 3860
291 336 394 389 cap.
415 335 492 387 iv.]
909 337 987 371 DE
1029 336 1214 373 NUG1s
1255 337 1632 376 cumAan.
2166 329 2269 377 203

259 477 378 528 Rex
402 476 620 547 iniquus
648 494 835 529 omnes
861 477 1139 530 ministros
1179 479 1393 549 iniquos
1438 479 1619 534 habet.
1696 479 1807 535 Qui
1850 479 2134 551 benignuS,
2179 481 2272 550 qui

256 562 404 614 mitis
455 572 549 615 aut
598 563 899 615 misericors
942 563 1236 629 dicebatur,
1276 584 1387 617 non
1439 566 1633 618 direxit
1682 567 1738 618 in
1789 576 2083 636 conspectu
2133 567 2267 636 ejus·

258 648 537 717 Superbus
597 650 735 701 servi
786 650 973 702 oculus
1015 657 1070 701 et
1114 650 1415 702 insatiabile
1456 670 1548 703 cor
1590 652 1647 703 in
1702 652 1874 721 ipsius
1927 651 2266 720 beneplacito

255 734 613 787 ministrabat.
692 736 756 787 In
797 735 1026 805 querelis
1069 743 1124 787 et
1153 735 1287 787 fletu
1314 736 1578 787 nobilium
1618 737 1804 789 laetitia
1840 755 1952 801 sua,
1979 753 2265 806 generosas

255 821 540 873 maritabat
564 822 777 874 rusticis
819 821 1042 891 puellaS,
1084 829 1139 873 et
1179 820 1426 872 altissimi
1460 821 1601 872 filios
1642 821 1844 874 cruoris
1885 822 1942 873 in
1987 840 2265 874 servorum

255 904 391 956 filias
437 907 755 976 degenerare
811 906 1004 976 coegit.
1082 906 1288 958 Similia
1333 924 1433 957 suo
1484 907 1644 958 corda
1694 907 1984 959 satellitum
2034 907 2265 971 amabat,

255 997 311 1041 et
335 991 390 1042 in
419 1010 608 1044 omnes
634 992 876 1044 armabat
901 991 1278 1044 crudelitatum
1301 991 1542 1042 astutias.
1599 991 1751 1045 Quot
1768 992 1867 1043 sub
1887 992 2006 1061 ipso
2033 991 2266 1061 tyranni,

256 1085 340 1129 tot
365 1097 548 1147 reges3
586 1097 746 1131 verus
783 1079 840 1130 in
879 1078 1058 1141 miniS,
1084 1077 1250 1128 falsus
1276 1076 1333 1128 in
1359 1077 1658 1146 promissiS,
1703 1085 1757 1129 et
1797 1078 1973 1130 omnis
2014 1078 2265 1130 videlicet

256 1164 479 1215 malleus
529 1164 815 1233 aequitatis,
895 1164 1061 1214 Hunc
1123 1162 1180 1213 in
1241 1162 1509 1231 principio
1570 1163 1720 1232 regni
1783 1163 1867 1214 sui
1926 1164 2266 1233 pertulerunt

255 1247 483 1312 nobileS,
508 1267 577 1300 ne
613 1267 711 1300 suo
750 1248 1062 1300 viderentur
1101 1248 1355 1316 derogare
1395 1249 1684 1313 stemmati,
1721 1267 1879 1318 quem
1908 1249 2261 1318 postmodum

255 1351 391 1402 quos
436 1334 564 1386 fecit
601 1334 718 1403 ipse
743 1335 797 1387 vi
833 1353 863 1386 a
900 1333 1182 1387 nobilitate
1226 1336 1514 1404 degeneres
1559 1336 1870 1405 alienigenae
1909 1335 2268 1387 vendiderunt

254 1417 477 1487 populo.
552 1418 686 1470 Erat
711 1419 813 1471 iste
840 1438 963 1471 cum
992 1420 1159 1472 servis
1182 1439 1318 1490 quos
1345 1421 1580 1490 eligerat,
1608 1440 1836 1490 quorum
1858 1429 1996 1472 nutu
2014 1420 2268 1472 saeviebat

254 1503 311 1553 in
338 1503 553 1568 liberos,
579 1504 633 1555 in
662 1506 898 1557 thalamo
916 1505 1407 1570 Westmonasterii,
1425 1525 1546 1557 cum
1574 1524 1758 1557 rumor
1779 1506 2043 1558 adventus
2063 1504 2269 1557 Chnuti

254 1590 552 1658 personuit,
579 1599 634 1642 et
660 1610 782 1643 cum
808 1592 864 1643 in
892 1592 1085 1662 cymba
1110 1592 1338 1660 fugisset
1363 1592 1507 1660 apud
1535 1591 1796 1661 oppidum
1824 1591 2124 1643 Londoniae
2154 1609 2265 1643 ser-

254 1693 446 1727 vorum
486 1677 542 1727 in
587 1678 786 1742 medio,
832 1679 1025 1731 timore
1071 1678 1302 1730 decessit
1345 1686 1400 1730 et
1443 1678 1510 1730 ab
1554 1677 1688 1747 ipsis
1731 1678 2034 1742 derelictus,
2059 1678 2268 1746 impetu

256 1760 495 1812 fluminis
524 1762 733 1814 delatus
761 1771 844 1815 est
870 1764 1054 1815 Numa
1072 1782 1177 1833 quo
1196 1764 1414 1815 devenit
1434 1771 1489 1815 et
1513 1764 1753 1816 Ancussss
1796 1764 1938 1815 Cum
1955 1763 2267 1815 naturaliter

255 1847 371 1898 odit
389 1847 567 1899 anima
593 1867 712 1900 mea
739 1867 942 1914 serVOS,
968 1850 1071 1902 hoc
1109 1850 1243 1900 mihi
1267 1850 1443 1919 placet
1468 1849 1522 1900 in
1552 1849 1647 1914 eiS,
1675 1850 1820 1919 quod
1846 1849 1983 1902 circa
2021 1849 2186 1901 finem
2212 1857 2268 1901 et

254 1933 687 2001 opportunitates
714 1936 943 1988 edocent
970 1943 1233 2006 quantum
1254 1935 1469 1986 amandi
1497 1935 1622 1987 sint.
1699 1935 2053 1987 Proverbium
2079 1934 2266 2004 Angli-

255 2035 379 2068 cum
407 2019 473 2070 de
500 2021 667 2072 servis
688 2029 789 2085 est,
821 2023 974 2074 Have
994 2023 1138 2074 hund
1157 2031 1209 2073 to
1225 2022 1429 2089 ¹qod-sib,
1457 2027 1551 2073 ant
1575 2027 1709 2073 stent
1735 2023 1790 2073 in
1805 2023 1910 2073 thir
1927 2023 2052 2073 oder
2076 2022 2267 2084 hond,†

260 2103 403 2171 quod
424 2111 524 2168 est,
545 2123 732 2157 canem
751 2107 963 2176 suscipe
982 2115 1332 2176 compatrem,
1354 2115 1409 2158 et
1424 2107 1589 2159 altera
1605 2125 1768 2157 manu
1787 2106 2054 2158 baculum.
2108 2106 2267 2158 Subi-

255 2195 344 2238 tus
369 2188 532 2257 igitur
556 2198 611 2242 et
636 2190 962 2260 improvisus
981 2192 1201 2244 advenit
1222 2193 1492 2255 Chnutus,
1519 2200 1575 2244 et
1601 2192 1783 2243 statim
1801 2192 1867 2243 ab
1884 2191 2264 2242 invitatoribus

257 2273 367 2324 suis
396 2274 874 2327 Lundoniensibus
897 2285 1201 2345 susceptus,
1228 2295 1417 2328 omnes
1443 2277 1693 2328 finitimas
1720 2276 1918 2328 invasit
1942 2276 2264 2345 provincias,

256 2366 312 2410 et
361 2359 460 2411 sibi
513 2361 580 2411 ad
625 2361 966 2413 securitatem
1015 2363 1266 2414 Emmam
1310 2380 1549 2414 sororem
1594 2362 1745 2414 ducis
1800 2362 2261 2423 Normannorum,

254 2462 450 2495 novam
495 2444 562 2496 ab
613 2445 883 2498 Edelredo
924 2447 1160 2499 viduam.
1237 2446 1403 2497 Filios
1448 2453 1628 2497 autem
1664 2463 1850 2497 eorum
1890 2445 2183 2497 Alvredum
2210 2455 2266 2497 et

255 2529 584 2581 Edwardum
610 2531 756 2583 nulla
783 2532 1079 2601 quaestione
1120 2532 1353 2601 reperire
1397 2531 1594 2600 potuit.
1673 2531 1944 2599 Rapuerat
1986 2530 2129 2582 enim
2168 2548 2261 2581 eos

254 2624 316 2665 ut
349 2617 672 2685 praeparavit
714 2618 1029 2669 Altissimus
1057 2637 1088 2669 a
1113 2617 1354 2669 tumultu
1395 2624 1450 2668 et
1489 2615 1703 2667 turbine
1742 2615 1894 2666 miles
1934 2615 2168 2684 quidam,
2207 2623 2263 2667 et

254 2702 391 2754 clam
440 2702 497 2753 in
548 2704 741 2773 cymba
790 2705 997 2773 positos
1047 2705 1102 2756 in
1155 2712 1374 2773 portum
1423 2702 1655 2771 impulit,
1717 2710 1771 2753 et
1820 2701 1977 2770 regiis
2041 2710 2259 2753 ornatos

252 2786 498 2855 insigniis
537 2807 661 2841 cum
702 2789 852 2842 brevi
883 2790 1203 2859 cognitionis
1245 2799 1299 2841 et
1342 2788 1674 2858 cognationis
1710 2805 1893 2840 eorum
1921 2786 2261 2855 dispositioni

306 2974 331 3000 *
364 2976 467 3015 Hor.
491 2977 572 3027 Ep.
594 2977 666 3016 lib.
688 2978 714 3016 i.
736 2990 796 3028 ep.
818 2978 858 3017 6.
1287 2990 1359 3028 sep
1393 2990 1496 3015 anne
1530 2977 1626 3015 staff
1657 2976 1700 3014 in
1730 2976 1833 3014 thire
1865 2975 2025 3023 hond,”
2062 2976 2158 3014 with
2191 2977 2261 3016 the

307 3044 335 3090 †
362 3044 459 3082 This
489 3045 660 3094 proverb
681 3057 823 3085 occurs
843 3050 917 3085 not
943 3045 1231 3098 unfrequently
1285 3045 1469 3085 metrical
1489 3044 1610 3083 Latin
1629 3044 1800 3090 version,
1822 3046 1849 3065 ‘⁴
1863 3043 2057 3094 Quisquis
2070 3044 2261 3094 fungetur

252 3111 295 3148 in
316 3111 384 3148 old
404 3112 690 3161 manuscripts.
742 3111 783 3149 It
797 3111 830 3149 is
843 3112 960 3160 given
975 3113 1069 3150 thus
1084 3124 1230 3161 among
1286 3125 1384 3150 cane
1419 3118 1626 3162 compatre
1663 3112 1774 3161 virga
1812 3111 2023 3161 paretur.’'
2095 3113 2153 3150 As
2191 3125 2261 3151 ex-

254 3192 366 3217 some
399 3179 568 3229 English
589 3178 780 3228 proverbs
804 3179 847 3216 in
876 3192 899 3216 a
930 3178 1024 3216 MS.
1047 3180 1089 3217 in
1117 3178 1229 3216 Trin.
1284 3180 1446 3230 plained
1467 3180 1518 3229 by
1539 3179 1698 3229 Mapes.
1719 3178 1751 3215 it
1772 3178 1805 3215 is
1826 3190 1850 3215 a
1869 3178 2032 3217 curious
2051 3181 2262 3219 memorial

254 3246 359 3286 Con.
379 3246 523 3285 Camb.
549 3247 622 3298 (Ο,
643 3247 683 3284 ii.
699 3246 787 3298 45),
810 3247 856 3285 of
868 3248 936 3285 the
953 3246 1172 3296 beginning
1190 3245 1236 3284 of
1286 3248 1332 3285 of
1348 3247 1417 3286 the
1434 3247 1581 3297 feeling
1598 3246 1814 3286 nourished
1830 3246 1883 3297 by
1897 3246 2072 3286 freemen
2087 3251 2261 3288 towards

252 3315 563 3354 thethirteenth
578 3319 762 3365 century,
781 3318 807 3336 “
830 3315 925 3354 Nim
942 3314 1054 3354 hund
1073 3320 1116 3352 to
1129 3313 1230 3364 god-
1287 3315 1403 3354 serfs.
