2638 3860
329 354 430 405 Cap.
452 354 527 406 vi.]
937 358 1014 392 DE
1057 359 1240 395 NUG1s
1283 359 1657 399 cnmAmUM.
2198 357 2299 405 231

299 492 454 562 copia
500 501 651 546 tanta
686 494 941 547 videntur
982 496 1206 567 indigni.
1282 500 1492 552 Vitium
1537 501 1758 554 tertium
1799 510 1900 567 est,
1927 504 2072 572 quod
2111 504 2305 574 quietis

298 579 607 648 impatienS,
635 582 743 633 fere
771 582 1051 634 dimidium
1091 585 1474 638 christianismi
1509 606 1701 641 vexare
1728 607 1837 640 non
1867 591 2163 644 miseretur.
2240 592 2306 644 In

298 664 384 715 his
437 666 608 718 tribus
660 686 807 720 error
863 670 1014 738 ejus3
1065 671 1272 722 caeteris
1324 672 1479 724 valde
1528 672 1705 725 bonus
1757 683 1857 739 est,
1911 684 1967 727 et
2026 676 2082 727 in
2134 677 2308 729 omni-

298 750 402 802 bus
466 753 726 806 amabilis.
828 756 957 807 Non
1038 756 1183 807 enim
1261 766 1457 826 praeter
1533 760 1712 828 ipsum
1788 761 2070 830 quisquam
2139 771 2304 815 tantae

298 837 514 890 videtur
552 841 984 893 mansuetudinis
1036 850 1091 893 et
1140 843 1486 896 affabilitatis.
1583 846 1850 899 Quotiens
1894 848 2005 899 exit
2054 848 2307 916 arripitur

299 942 330 973 a
373 923 546 975 turbis
592 935 648 976 et
684 925 739 977 in
785 927 902 978 loca
947 927 1279 992 distrahitur,
1326 937 1380 980 et
1424 948 1530 998 quo
1583 948 1695 982 non
1740 931 1859 982 vult
1896 931 2208 1001 impellitur,
2251 940 2307 984 et

300 1009 443 1077 quod
471 1010 668 1062 mirum
695 1020 795 1075 est,
823 1012 1063 1081 singulos
1091 1014 1241 1064 audit
1267 1014 1547 1082 patienter,
1571 1022 1625 1066 et
1643 1015 1930 1084 injuriatus
1957 1016 2023 1068 ab
2051 1017 2303 1069 omnibus

300 1113 422 1146 cum
476 1095 825 1160 clamoribus,
883 1115 1006 1148 cum
1056 1097 1319 1149 tractibus
1373 1106 1428 1150 et
1487 1098 1741 1151 violentis
1791 1099 2133 1168 impulsibus,
2181 1102 2307 1154 inde

300 1181 504 1233 nemini
549 1182 872 1233 calumniam
918 1182 1047 1235 facit
1102 1191 1196 1235 aut
1250 1184 1342 1236 irae
1395 1184 1822 1250 similitudinem,
1875 1204 2102 1254 cumque
2145 1187 2306 1238 nimis

301 1268 640 1336 angustiatur
682 1287 806 1320 cum
836 1268 1052 1320 silentio
1079 1269 1218 1338 fugit
1243 1270 1311 1320 ad
1337 1270 1454 1322 loca
1480 1270 1646 1339 pacis,
1720 1271 1874 1322 Nihil
1899 1272 2147 1340 superbe,
2172 1272 2309 1324 nihil

299 1354 507 1406 tumide
552 1354 714 1418 facit3
758 1354 970 1405 sobrius
1018 1362 1118 1419 est,
1147 1355 1426 1407 modestus
1471 1364 1526 1408 et
1568 1356 1710 1426 piu8,
1740 1356 1913 1408 fidelis
1955 1365 2009 1409 et
2052 1358 2308 1426 prudenS,

298 1439 477 1508 largus
504 1447 558 1491 et
583 1439 926 1503 victoriOSUS,
955 1448 1009 1491 et
1048 1440 1207 1492 bonis
1248 1441 1595 1494 honorificus,
1669 1442 2158 1494 Transfretavimus
2184 1461 2308 1495 oum

301 1525 421 1594 ipso
463 1526 669 1576 dudum
707 1525 764 1576 in
795 1525 988 1594 viginti
1022 1526 1259 1597 quinque
1300 1527 1548 1591 navibus,
1576 1545 1694 1596 quae
1737 1527 1839 1578 sibi
1883 1527 2204 1580 tenebantur
2241 1529 2310 1580 ad

304 1611 594 1662 transitum
641 1611 756 1663 sine
807 1611 1000 1680 pretio,
1097 1612 1416 1682 Tempestas
1460 1620 1640 1664 autern
1695 1612 1950 1681 dispersit
2002 1631 2190 1665 omnes
2240 1614 2308 1666 ad

299 1703 481 1748 cautes
509 1705 564 1748 et
587 1696 746 1748 litora
783 1697 1014 1748 navibus
1039 1697 1225 1766 inepta
1257 1698 1469 1759 collisit,
1499 1706 1695 1767 praeter
1721 1716 1892 1762 suam,
1933 1716 2053 1767 quae
2079 1716 2176 1767 per
2202 1699 2308 1751 Dei

300 1782 524 1850 gratiam
567 1781 625 1832 in
668 1789 887 1850 portum
927 1781 1190 1850 producta
1215 1782 1332 1834 fuit.
1411 1782 1569 1834 Misit
1611 1800 1736 1851 ergo
1777 1801 1952 1847 mane,
1981 1784 2309 1853 singulisque

302 1868 482 1919 nautis
525 1867 825 1920 secundum
864 1884 1052 1918 eorum
1092 1867 1507 1919 aestimationem
1534 1868 1746 1937 perdita
1770 1869 2025 1933 restituit,
2051 1888 2174 1922 cum
2199 1889 2309 1922 non

302 1961 580 2006 teneretur
622 1953 728 2004 hoc
777 1942 974 2016 facere,
1017 1952 1227 2022 fuitque
1285 1971 1495 2004 summa
1546 1971 1753 2022 magnae
1809 1954 2212 2006 numerositatis
2255 1963 2312 2008 et

302 2040 485 2091 forsan
537 2037 728 2106 aliquis
771 2055 867 2088 rex
903 2037 1116 2105 justum
1162 2055 1272 2088 non
1320 2037 1572 2089 solvisset
1616 2038 1878 2091 debitum.
1977 2040 2106 2091 Mos
2150 2040 2310 2093 curiae

303 2131 504 2175 nostrae
529 2122 649 2184 fuit,
676 2130 738 2171 ut
773 2120 938 2189 gratis
964 2119 1155 2171 fierent
1181 2128 1236 2172 et
1268 2121 1620 2174 redderentur
1652 2122 1835 2175 brevia
1874 2123 2100 2192 sigillata
2126 2124 2312 2176 minis-

304 2209 402 2260 tris
429 2207 589 2259 curiae
616 2225 735 2275 quae
763 2206 986 2257 nomina
1013 2224 1110 2256 sua
1128 2205 1215 2258 vel
1231 2207 1447 2274 negotia
1472 2207 1828 2260 continerent.
1892 2209 2106 2260 Detulit
2130 2218 2310 2262 autem

306 2293 645 2360 dispensator
669 2289 846 2358 regius
873 2306 1024 2339 reum
1066 2288 1430 2358 sigillatorem,
1458 2290 1603 2358 quod
1647 2290 1807 2343 breve
1845 2309 2044 2342 nomen
2071 2310 2228 2344 suum
2256 2301 2311 2345 et

305 2377 585 2446 negotium
620 2375 902 2427 continens
945 2374 991 2425 ei
1049 2383 1298 2442 negasset
1337 2374 1452 2426 sine
1495 2375 1669 2443 pretio
1711 2376 1948 2428 reddere.
2021 2377 2309 2430 Turstinus

305 2463 449 2514 filius
477 2460 816 2529 dispensator
841 2465 970 2522 erat,
997 2458 1173 2509 Adam
1195 2477 1225 2508 a
1247 2457 1553 2510 Gernemue
1582 2458 1853 2528 sigillator.
1908 2459 2123 2511 Auditis
2149 2459 2311 2529 igitur

305 2548 410 2612 his,
435 2547 721 2598 haesitante
763 2544 928 2608 curia,
967 2561 1148 2612 regem
1190 2543 1485 2604 advocant3
1526 2543 1617 2611 qui
1652 2562 1775 2595 cum
1800 2544 2118 2596 Turstinum
2158 2546 2309 2597 audi-

303 2634 490 2698 visset,
516 2632 722 2684 audivit
747 2631 923 2682 Adam
951 2629 1238 2693 dicentem,
1264 2632 1301 2658 ‘⁶
1321 2629 1675 2698 Susceperam
1708 2629 1950 2698 hospites
1991 2641 2046 2682 et
2070 2631 2192 2682 misi
2217 2633 2309 2700 qui

308 2727 616 2790 precaretur
654 2717 938 2769 dominum
981 2715 1294 2767 Turstinum
1351 2715 1494 2783 quod
1540 2714 1672 2765 mihi
1717 2715 1824 2767 duo
1862 2714 1971 2767 liba
2013 2716 2079 2768 de
2115 2717 2308 2768 vestris

310 2802 593 2856 dominicis
656 2802 825 2853 daret.
901 2799 1011 2853 Qui
1074 2798 1374 2868 respondit,
1429 2797 1593 2850 Nolo.
1670 2797 1811 2850 Cum
1873 2806 2053 2850 autem
2120 2811 2310 2868 postea

311 2889 473 2941 vellet
522 2886 684 2938 breve
727 2903 904 2948 suum,
969 2901 1176 2935 mernor
1235 2882 1380 2934 illius
1433 2883 1596 2946 Nolo,
1647 2882 1889 2935 similiter
1939 2883 2067 2947 dixi,
2111 2884 2309 2937 Nolo.”

314 2976 432 3026 Rex
466 2990 595 3025 vero
637 2968 1020 3022 condemnavit
1059 2987 1182 3021 eum
1226 2968 1318 3037 qui
1360 2967 1564 3019 dixerat
1607 2968 1841 3037 primum
1876 2968 2038 3021 Nolo,
2114 2968 2308 3022 Sedere

311 3059 439 3112 fecit
463 3058 641 3109 Adam
685 3056 750 3107 ad
797 3062 1053 3106 stannum
1095 3071 1273 3106 coram
1318 3053 1497 3122 posito
1533 3053 1705 3122 sigillo
1744 3053 1998 3123 brevique
2031 3054 2272 3105 Turstini
2290 3075 2307 3119 ;

313 3143 488 3212 coegit
512 3148 694 3192 autem
718 3139 1035 3191 Turstinum
1062 3138 1270 3207 abjecto
1296 3136 1456 3206 pallio
1481 3136 1707 3205 genibus
1733 3136 1885 3188 flexis
1911 3136 2046 3188 Adae
2070 3155 2309 3206 praesen-

314 3240 426 3284 tare
454 3229 561 3279 duo
587 3225 811 3296 gastella
835 3224 995 3293 regia,
1021 3223 1231 3275 mantili
1268 3222 1494 3274 candido
1529 3222 1778 3274 decenter
1802 3222 2060 3286 involuta,
2094 3240 2310 3292 suscep-

315 3326 479 3385 toque
506 3314 663 3366 xenio
684 3311 849 3381 jussit
874 3318 937 3362 ut
961 3310 1135 3362 Adam
1161 3307 1266 3378 ipsi
1285 3307 1446 3360 breve
1465 3308 1726 3373 redderet,
1748 3307 1976 3376 fecitque
2001 3309 2310 3373 concordeS,

319 3412 373 3455 et
399 3401 611 3471 adjecit,
643 3407 707 3451 ut
731 3417 842 3451 non
870 3404 1082 3448 tantum
1110 3394 1210 3447 sibi
1237 3393 1494 3446 deberent
1518 3393 1747 3445 invicem
1775 3393 2003 3445 ministri
2029 3392 2310 3446 subvenire
