2638 3860
290 314 390 365 Cap.
413 315 488 365 vi.]
912 318 989 351 DE
1032 319 1214 353 NUGls
1257 320 1631 354 CURIALIUM.
2171 311 2270 357 163

260 454 435 519 ficata,
462 474 581 524 quae
620 458 918 509 secundum
962 459 1234 512 coelestem
1271 469 1366 512 aut
1403 467 1666 513 terrenam
1695 461 1913 532 physim
1954 461 2021 513 ab
2066 469 2268 514 aeterno

260 542 636 610 praeordinata,
655 543 801 611 quod
828 551 972 595 certa
993 563 1172 596 rerum
1201 546 1363 598 series
1384 555 1533 599 tenet
1559 556 1613 600 et
1647 548 1792 617 quod
1818 555 2034 600 aeternae
2059 548 2269 617 glutino

260 626 483 677 rationis
511 627 744 679 cohaeret
768 627 1133 694 immobiliter,
1160 650 1278 700 quae
1320 632 1618 684 secundum
1659 632 1854 684 divinae
1896 633 2267 702 dispositionis

262 711 506 763 ordinem
531 712 756 777 instant,
784 722 838 765 et
864 733 982 782 quae
1003 716 1160 784 juxta
1186 716 1470 768 creationis
1498 717 1865 769 conditionem
1903 728 2266 786 perseverant,

262 798 596 867 aliquatenus
647 799 921 861 novimuS,
991 809 1047 852 et
1096 820 1283 853 eorum
1343 821 1408 854 ex
1475 803 1759 872 praeteritis
1805 812 1860 855 et
1908 804 2266 873 praesentibus

260 883 522 936 habemus
562 886 972 954 praescientiam.
1086 887 1194 939 Sed
1238 907 1357 957 quae
1403 889 1555 940 Deus
1605 898 1844 942 avertere
1886 890 2130 942 nocitura
2170 908 2267 959 per

260 970 679 1023 misericordiam
705 973 791 1024 vel
816 974 1099 1041 profutura
1125 992 1219 1042 per
1242 974 1377 1025 iram
1402 974 1489 1043 pie
1509 975 1724 1043 justeve
1752 976 2061 1040 decreverit,
2088 976 2265 1028 occul-

259 1064 371 1107 tata
398 1065 525 1108 sunt
550 1057 665 1109 haec
691 1077 722 1109 a
745 1058 868 1110 filiis
894 1059 1121 1111 terrenis
1159 1068 1215 1112 et
1252 1060 1576 1113 coelestibus.
1655 1061 1790 1113 Haec
1829 1069 1957 1113 sunt
1982 1080 2102 1131 quae
2129 1080 2265 1130 prae-

252 1143 501 1211 judicant
544 1144 719 1207 astris,
771 1145 1052 1196 elementis
1102 1147 1388 1216 imperant,
1416 1155 1470 1199 et
1519 1147 1576 1199 in
1621 1148 1888 1199 thesauris
1926 1141 2263 1201 'delitescunt

257 1227 543 1281 Altissimi.
621 1229 853 1298 Spiritus
876 1231 1023 1283 solus
1055 1232 1281 1284 Domini
1306 1233 1603 1302 praevidere
1629 1234 1810 1303 potuit
1833 1235 2041 1287 luctum
2062 1243 2117 1286 et
2134 1252 2262 1304 gau-

259 1313 409 1364 dium
451 1331 515 1365 ex
557 1313 908 1366 dissimilibus
953 1316 1146 1386 Helyae
1190 1318 1459 1386 precibUS,
1504 1320 1870 1382 Ninivitarum
1916 1321 2167 1372 timorem
2207 1327 2262 1371 et

257 1399 590 1468 ereptionem
616 1418 683 1452 ex
708 1401 992 1470 prophetia
1033 1403 1200 1467 Ionae,
1224 1398 1387 1455 'rubii
1430 1407 1591 1456 maris
1624 1405 1917 1458 divisiones
1958 1406 2259 1459 duodecim.

259 1484 407 1536 Hinc
433 1484 549 1549 tibi,
576 1485 847 1537 carissime
874 1486 967 1550 mi,
1005 1487 1189 1551 timeo,
1225 1507 1292 1540 ne
1319 1496 1393 1553 te,
1420 1489 1549 1540 dum
1589 1490 2042 1560 omnipotentiam
2066 1508 2262 1560 provo-

258 1588 364 1634 caS,
390 1569 704 1639 repentinus
731 1571 873 1622 ultor
913 1572 1189 1640 anticipet,
1235 1581 1291 1625 et
1333 1574 1467 1624 mihi
1511 1575 1656 1643 quod
1696 1575 1822 1626 inde
1867 1575 2261 1644 providentiam

255 1674 368 1707 non
393 1655 567 1707 habeo
593 1656 860 1708 redundet
884 1656 941 1708 in
976 1658 1329 1727 opprobrium
1356 1667 1411 1711 et
1436 1668 1717 1729 pactorum
1741 1660 2034 1712 infamiam.
2098 1662 2262 1730 Ergo,

256 1741 401 1810 quod
438 1742 612 1793 solum
651 1751 914 1811 superest,
956 1742 1023 1811 ab
1069 1744 1408 1797 anathemate
1451 1747 1534 1797 fac
1578 1746 1890 1811 absolvariS,
1932 1756 1987 1799 et
2029 1748 2264 1816 quoties-

256 1846 468 1897 cunque
492 1828 815 1897 peccaveriS,
842 1830 1056 1881 veniam
1082 1838 1206 1899 pete
1226 1852 1241 1895 3
1282 1849 1382 1883 nec
1421 1831 1649 1894 diffidas,
1679 1832 1802 1900 quia
1826 1833 1975 1885 nulla
2001 1833 2263 1885 scelerum

254 1914 561 1965 immanitas
589 1932 839 1982 superare
867 1922 1051 1983 potest
1075 1915 1162 1966 vel
1186 1917 1385 1985 aequari
1411 1917 1791 1970 misericordiae
1817 1919 1940 1983 Dei,
1967 1918 2262 1971 dummodo

254 2017 367 2051 non
405 2000 710 2069 despereS.''
788 2000 1022 2052 Miratur
1056 2001 1235 2066 Eudo,
1268 2011 1325 2054 et
1355 2003 1445 2066 ait,
1491 2007 1527 2032 ‘⁶
1547 2003 1672 2055 Jam
1713 2012 1768 2056 te
1809 2023 1920 2056 non
1960 2005 2262 2057 daemonem

256 2084 351 2136 sed
392 2084 641 2152 angelum
687 2085 914 2137 Domini
959 2085 1098 2150 dico,
1139 2105 1251 2138 non
1309 2087 1474 2139 modo
1516 2088 1798 2140 dominum
1843 2108 2026 2141 meum
2067 2091 2162 2143 sed
2208 2099 2263 2144 et

255 2171 517 2240 patrem.’'
2206 2246 2210 2250 ἡ

347 2256 630 2307 Recedunt
686 2255 752 2307 ab
811 2256 1075 2322 invicem3
1132 2267 1386 2327 properat
1447 2261 1625 2326 Eudo,
1669 2262 1981 2330 pontificem
2026 2263 2164 2331 petit
2206 2272 2262 2314 et

253 2341 649 2394 absolutionem
701 2340 929 2405 obtinet,
981 2350 1171 2411 pausat
1221 2343 1568 2412 aliquamdiU,
1626 2363 1726 2397 nec
1780 2345 1918 2397 bene
1976 2346 2259 2415 resipiscit.

256 2430 464 2481 Iterum
489 2427 696 2496 incipit,
722 2428 1026 2497 iterumque
1067 2428 1263 2497 ligatur
1303 2438 1357 2481 et
1398 2438 1631 2482 meretur
1672 2431 1879 2484 absolvi
1922 2433 2260 2485 multociens,

253 2514 499 2566 Tandem
526 2514 621 2565 has
641 2513 927 2582 episcopus
953 2514 1345 2567 ludificationes
1373 2524 1627 2585 expertus
1653 2518 1855 2582 horret,
1876 2526 1931 2570 et
1955 2519 2133 2587 ipsum
2159 2519 2260 2571 hac

252 2601 509 2653 varietate
555 2599 873 2652 deteriorem
925 2600 1054 2651 dicit
1094 2619 1256 2669 quam
1298 2601 1662 2655 obstinatione
1704 2604 1962 2655 continua
2005 2612 2258 2673 certoque

252 2688 430 2738 furore
456 2686 636 2755 priori.
715 2685 927 2737 Clamat
951 2686 1114 2755 igitur
1154 2687 1222 2738 ad
1256 2687 1557 2739 Dominum
1599 2708 1721 2741 cum
1763 2689 2013 2753 lacrimis,
2054 2690 2257 2742 exorci-

254 2779 438 2824 zatum
477 2771 642 2823 habet
685 2772 952 2841 populum
997 2779 1060 2822 ut
1103 2772 1388 2823 maledicat
1428 2773 1476 2824 ei
1520 2781 1678 2837 terra,
1709 2781 1968 2843 provocat
2008 2773 2255 2827 ultricem

252 2878 283 2909 a
324 2858 457 2910 coelo
497 2857 788 2909 dexteram.
865 2858 1151 2910 Excitatus
1191 2866 1275 2909 est
1314 2858 1475 2926 igitur
1527 2859 1595 2909 ad
1641 2867 1821 2910 tantos
1864 2860 2093 2928 ejulatus
2138 2869 2256 2912 tan-

253 2962 413 3012 quam
455 2943 726 2994 dormiens
777 2943 1067 3007 DominUS,
1118 2944 1439 3012 hostemque
1491 2962 1650 2995 suum
1702 2944 1768 2995 ab
1820 2963 1958 3014 equo
2010 2955 2257 2999 currente

252 3029 450 3098 dejicit,
501 3028 790 3096 visitatque
854 3028 1162 3097 superbiam
1225 3029 1341 3097 ejus
1399 3029 1718 3093 infractione
1770 3031 1956 3082 cruris.
2032 3032 2109 3082 At
2166 3032 2255 3084 ille

253 3115 528 3183 signorum
577 3112 829 3163 Sathanae
870 3112 1106 3181 primum
1144 3112 1466 3180 intelligens,
1502 3112 1568 3164 ab
1610 3113 1864 3182 episcopo
1908 3115 2000 3165 vix
2045 3116 2258 3184 optinet

251 3209 315 3251 ut
339 3197 603 3259 audiatur,
632 3195 824 3247 delicta
850 3197 1065 3261 fatetur,
1094 3196 1247 3265 Olgae
1275 3205 1455 3249 tamen
1484 3198 1653 3250 celato
1681 3198 1953 3263 domini03
1991 3201 2084 3252 sed
2110 3201 2259 3254 inco-

250 3284 485 3337 lumitati
505 3283 809 3347 restitutuS,
831 3283 1011 3334 omnia
1029 3283 1385 3351 despicienter
1401 3292 1455 3336 et
1472 3284 1702 3352 superbe
1724 3294 1900 3354 negat,
1922 3296 1977 3338 et
2002 3287 2058 3339 in
2078 3289 2258 3358 ipsum
