2638 3860
426 311 764 364 Cap.xiii-xv.]
1048 313 1127 348 DE
1169 312 1353 349 NUGIS
1396 311 1770 350 cumAva.
2336 304 2403 351 83

395 438 752 492 intendebant
789 439 992 492 oculos,
1067 439 1307 493 Veniens
1339 447 1519 493 autem
1559 439 1873 510 peregrinus
1913 438 2065 510 quasi
2105 458 2172 493 ex
2212 440 2403 494 itinere

394 526 589 592 feSSUS,
615 526 914 596 hospitium
942 526 1045 579 sibi
1070 545 1168 596 pro
1194 527 1315 579 Deo
1341 526 1516 596 petiit,
1537 534 1593 579 et
1618 525 1964 579 devotissime
1992 535 2274 597 susceptus
2301 536 2402 593 est,

396 611 489 681 qui
530 620 585 664 et
625 613 827 665 assedit
867 612 943 665 eis
985 612 1279 676 excubanS,
1306 620 1361 664 et
1395 630 1517 665 ecce
1551 620 1680 683 post
1704 620 1921 665 noctem
1948 613 2181 665 mediam
2209 613 2400 683 sopitis

396 698 649 750 omnibus
676 699 791 751 aliis
817 698 934 769 ipse
957 700 1102 751 solus
1127 698 1352 769 pervigil
1369 699 1507 751 vidit
1527 698 1708 751 subito
1728 699 2075 751 reverendam
2097 707 2400 752 matronam

395 785 663 837 cunabulo
709 785 1087 837 advenientem
1131 792 1187 837 et
1227 785 1602 837 intendentem
1644 793 1708 838 ut
1744 784 2072 837 infantulum
2110 785 2397 856 jugularet.

391 870 614 923 Prosilit
637 871 801 940 igitur
829 871 1055 941 impiger
1083 871 1190 933 ille,
1223 878 1479 940 tenet-que
1508 871 1735 923 firmiter
1768 877 2054 940 arreptam,
2081 871 2252 924 donec
2277 890 2398 924 om-

391 956 553 1009 nibus
580 957 823 1010 excitatis
850 964 906 1009 et
931 956 1406 1009 circumstantibus
1434 975 1465 1008 a
1489 956 1677 1009 multis
1702 974 1890 1008 eorum
1916 956 2097 1026 agnita
2120 964 2222 1022 est,
2248 965 2304 1010 et
2328 956 2396 1010 ab

393 1042 646 1095 omnibus
666 1042 723 1094 in
739 1042 953 1095 modico
970 1041 1397 1112 protestantibus
1414 1042 1588 1112 ipsam
1606 1059 1724 1095 esse
1742 1041 2134 1095 nobilissimam
2150 1043 2395 1096 omnium

389 1128 532 1180 illius
571 1128 886 1197 metropolis
928 1135 1298 1180 matronarum
1337 1146 1548 1197 genere,
1588 1127 1850 1192 moribUS,
1891 1127 2110 1194 divitiis,
2151 1137 2207 1182 et
2245 1129 2395 1183 omni

388 1216 691 1279 honestate,
720 1214 814 1266 sed
840 1215 907 1266 ad
932 1232 1134 1266 nomen
1161 1233 1320 1266 suum
1340 1215 1407 1266 ad
1428 1213 1755 1286 quaestiones
1782 1213 1910 1266 alias
1935 1214 2072 1266 nihil
2097 1216 2394 1285 respondit.

392 1300 557 1355 Quod
576 1309 631 1354 et
647 1308 799 1371 pater
813 1301 929 1370 ipse
950 1300 1214 1371 multique
1235 1301 1322 1353 alii
1338 1299 1534 1370 pudori
1551 1299 1823 1363 ascribens
1840 1299 1909 1352 ob
1926 1299 2393 1370 interceptionem,

391 1387 724 1457 suadentque
751 1387 968 1452 dimitti,
994 1387 1084 1439 ille
1111 1395 1422 1439 constanter
1447 1386 1638 1439 asserit
1658 1385 1961 1439 daemonem
1982 1404 2118 1452 esse,
2138 1394 2392 1458 tenetque

386 1472 629 1538 firmiter,
664 1480 718 1525 et
754 1492 862 1525 una
896 1473 1125 1525 clavium
1165 1473 1374 1526 culeriae
1411 1472 1669 1542 proximae
1703 1471 1894 1524 faciem
1931 1473 1999 1525 ad
2034 1473 2149 1542 ejus
2178 1475 2392 1527 malitiae

390 1559 603 1628 signum
638 1558 830 1623 exurit,
857 1566 912 1611 et
945 1558 1188 1628 praecipit
1220 1558 1393 1627 ipsam
1431 1558 1534 1610 sibi
1568 1558 1676 1611 cito
1703 1558 1892 1610 adduci
1921 1576 2080 1628 quam
2102 1560 2393 1629 opinantur

387 1646 526 1697 hanc
565 1663 700 1709 esse,
739 1663 858 1714 quae
899 1645 1028 1696 dum
1061 1644 1221 1696 istam
1258 1652 1409 1696 tenet
1446 1644 1746 1709 adducitur,
1775 1644 2039 1714 simulque
2077 1663 2174 1714 per
2210 1646 2392 1698 omnia

387 1739 558 1801 captae
586 1731 830 1783 similiter
855 1730 1016 1783 etiam
1043 1737 1232 1782 exusta
1257 1730 1487 1782 videtur.
1562 1730 1713 1782 Dicit
1738 1748 1863 1799 ergo
1882 1731 2195 1799 peregrinus
2221 1732 2391 1783 admi-

385 1817 630 1869 rantibus
644 1823 698 1868 et
715 1815 944 1885 stupidis
949 1855 965 1880 ,
976 1820 1011 1847 ‘⁶
1024 1816 1183 1867 Hanc
1200 1833 1319 1884 quae
1336 1834 1479 1867 nunc
1494 1815 1712 1868 advenit
1721 1815 1982 1885 optimam
1997 1834 2153 1884 spero
2164 1817 2392 1886 Deoque

387 1903 653 1966 dilectam,
674 1909 730 1954 et
752 1901 910 1953 bonis
938 1900 1190 1970 operibus
1228 1901 1486 1953 invidiam
1525 1902 1835 1954 daemonum
1871 1901 1928 1952 in
1956 1921 2013 1954 se
2051 1921 2392 1972 provocasse,

384 1989 529 2041 unde
555 1996 611 2040 et
647 1989 763 2039 haec
789 2005 973 2039 eorum
1001 1986 1198 2039 nuncia
1224 2005 1455 2056 nequam
1482 1995 1537 2040 et
1562 1988 1836 2041 executi-ix
1860 1987 2059 2040 irarum
2084 1988 2209 2041 huic
2235 1989 2392 2042 bonae

387 2081 647 2143 quantum
674 2073 722 2125 ei
741 2072 894 2124 licuit
908 2072 1081 2124 invisa
1102 2073 1397 2144 similisque
1418 2075 1556 2127 facta
1582 2083 1682 2139 est,
1701 2083 1765 2127 ut
1784 2075 2065 2127 infamium
2087 2076 2259 2145 culpae
2281 2094 2392 2128 suae

385 2160 636 2211 refundat
659 2159 717 2210 in
742 2159 919 2210 istam.
998 2158 1162 2212 Quod
1187 2167 1250 2210 ut
1276 2160 1504 2212 credatis
1530 2161 1708 2214 videte
1745 2161 1872 2230 quid
1915 2161 2136 2213 dimissa
2173 2161 2390 2214 faciet.”

385 2246 463 2297 At
487 2245 576 2297 illa
601 2262 698 2314 per
721 2245 1011 2297 fenestram
1040 2244 1272 2296 avolavit
1298 2263 1422 2296 cum
1448 2246 1668 2314 planctu
1695 2254 1750 2298 et
1775 2246 1978 2314 ejulatu
2003 2245 2256 2299 maximo.

863 2390 993 2439 Item
1019 2389 1082 2439 de
1107 2388 1297 2439 eisdem
1322 2388 1754 2455 apparitionibus.
1829 2407 1917 2441 xv.

459 2494 622 2549 Quod
649 2512 809 2563 super
833 2493 918 2545 his
946 2500 1002 2545 et
1026 2492 1340 2562 hujusmodi
1379 2493 1685 2558 dicendum,
1730 2494 1930 2546 Paulus
1971 2502 2026 2546 et
2068 2493 2336 2545 Antonius
2353 2496 2386 2533 ²¹<

383 2589 527 2633 recte
555 2581 683 2633 dicti
709 2580 960 2644 eremitae,
1003 2579 1127 2648 quia
1150 2578 1290 2631 vasti
1320 2578 1481 2631 nimis
1517 2580 1682 2632 eremi
1701 2580 1943 2649 palantes
1969 2580 2175 2644 incolae,
2203 2580 2385 2632 Deum

383 2667 439 2719 in
459 2667 747 2720 solitudine
768 2666 942 2718 solum
962 2665 1303 2735 quaerebant3
1323 2665 1555 2718 invicem
1571 2666 1757 2735 ignoti,
1779 2666 2041 2718 admoniti
2062 2673 2189 2718 sunt
2203 2666 2259 2717 in
2278 2666 2387 2736 spi-

383 2754 491 2805 ritu
516 2754 604 2805 hic
628 2754 827 2821 hospes
865 2752 998 2816 fieri,
1024 2752 1316 2804 adveniens
1343 2752 1449 2816 ille,
1491 2751 1789 2821 suscipiens
1815 2751 1920 2816 hic,
1962 2760 2266 2820 aspectatus
2293 2770 2385 2804 ex-

384 2847 625 2908 pectanS,
650 2839 738 2891 ille
764 2838 1002 2891 venienti
1028 2846 1208 2891 autem
1236 2846 1291 2890 et
1318 2839 1382 2890 de
1408 2838 1495 2891 via
1524 2837 1811 2902 dubitanti,
1838 2856 1866 2890 e
1901 2846 2205 2891 transverso
2231 2838 2386 2890 affuit

384 2943 601 2978 currens
642 2933 944 2990 centaurus,
985 2925 1182 2977 animal
1219 2924 1435 2995 dupleX,
1475 2925 1638 2977 homo
1685 2924 1751 2977 ab
1797 2924 1906 2976 imo
1934 2924 2184 2993 pectoriS,
2210 2942 2383 2994 equus

439 3080 462 3103 ²*
491 3079 579 3117 The
599 3081 710 3129 story
731 3079 860 3118 which
888 3079 1015 3118 forms
1044 3080 1113 3118 the
1134 3076 1293 3128 subject
1313 3079 1360 3118 of
1411 3079 1458 3118 of
1474 3079 1542 3118 the
1564 3079 1831 3128 Bollandists,
1854 3079 1880 3118 J
1884 3092 2027 3119 anuar.
2049 3082 2150 3119 tom.
2167 3078 2194 3118 i.
2213 3091 2284 3131 pp.
2303 3079 2381 3118 603

385 3147 467 3186 this
490 3146 656 3197 chapter
678 3147 759 3185 will
778 3147 829 3185 be
857 3147 985 3185 found
1014 3147 1058 3185 in
1085 3147 1155 3186 the
1184 3148 1284 3186 lives
1312 3147 1360 3186 of
1410 3147 1489 3184 and
1511 3146 1605 3185 605.

387 3215 487 3254 Paul
517 3215 585 3254 the
617 3215 796 3262 Hermit,
828 3215 871 3253 in
891 3215 960 3254 the
982 3215 1086 3254 Acta
1108 3215 1352 3254 Sanctorum
