2638 3860
383 378 483 426 134
1073 386 1384 422 GUALTERI
1414 386 1613 420 MAPms
2062 383 2259 433 [Distinc.
2283 384 2366 423 ΙΙΙ.

327 527 330 530 ’
376 529 667 592 descendit,
693 526 947 596 equisque
973 525 1193 576 mutatis
1234 524 1342 576 laeti
1381 531 1707 593 properant3
1744 523 1878 574 falsa
1904 522 2120 574 domina
2159 542 2216 575 se
2259 522 2370 574 falli

372 633 482 665 non
509 613 684 675 sentit,
711 619 765 663 et
790 610 965 662 nescia
991 628 1096 678 quo
1123 609 1309 660 tendat
1332 617 1458 661 vota
1484 607 1723 676 sequitur
1756 606 1920 658 irrita.
1998 607 2143 658 Raso
2186 607 2368 659 labore

371 697 542 749 victus
563 705 616 748 et
631 697 786 764 longa
801 694 978 763 vigilia
998 693 1194 745 dormit
1209 693 1265 744 in
1282 711 1418 762 equo
1446 700 1500 744 et
1525 691 1591 743 ab
1612 708 1777 742 uxore
1800 697 2029 741 stertens
2047 691 2367 759 agnoscitur.

371 782 504 833 Orat
527 781 614 832 illa
639 781 781 849 quod
806 780 1076 831 modicum
1104 779 1332 830 divertat
1366 779 1536 830 donec
1570 776 1877 840 dormierit3
1914 775 2002 827 ille
2030 775 2246 827 divertit
2272 777 2366 828 sed

368 866 683 918 descendere
733 866 905 929 timet,
941 865 1123 916 lancea
1164 865 1332 916 fultus
1375 882 1626 915 somnum
1668 862 1827 931 capit.
1903 861 2068 912 Miles
2113 879 2236 930 ergo
2279 862 2365 914 cui

366 970 476 1003 non
514 969 762 1003 concessa
803 951 1050 1002 scandala
1089 950 1323 1014 delusuS,
1364 956 1535 1001 totam
1580 948 1812 1000 concitat
1858 946 2063 1012 urbem,
2091 946 2365 999 dominam

365 1037 562 1105 fugisse
581 1036 817 1100 nunciat,
843 1044 897 1087 et
923 1054 1043 1088 ecce
1067 1036 1246 1104 ipsum
1288 1054 1411 1087 cum
1451 1054 1613 1086 manu
1651 1041 1976 1085 armatorum
2002 1033 2172 1084 multa
2195 1051 2364 1101 prope

364 1122 540 1173 locum
573 1120 927 1173 dormitionis,
1003 1121 1242 1171 Pessima
1280 1120 1386 1184 illa,
1414 1138 1531 1188 quae
1556 1138 1667 1172 non
1694 1126 1867 1171 cessat
1892 1118 2114 1171 scrutari
2140 1117 2365 1187 qualiter

365 1205 634 1274 eripiatur,
660 1205 965 1258 venientem
998 1204 1147 1257 videt
1172 1212 1226 1256 et
1252 1204 1658 1273 quibuscunque
1696 1210 1879 1273 potest
1915 1203 2141 1253 advocat
2179 1201 2364 1271 signis,

366 1291 479 1342 Illis
518 1291 630 1359 jam
672 1309 840 1359 prope
865 1290 1161 1359 agentibus,
1205 1307 1372 1358 equus
1419 1290 1648 1342 Rasonis
1689 1308 1799 1341 non
1841 1301 2086 1340 assuetus
2130 1287 2186 1338 in
2232 1306 2360 1339 con-

363 1393 547 1443 gressu
583 1376 868 1443 quiescere,
893 1374 1069 1426 levato
1112 1374 1284 1443 capite
1328 1373 1523 1437 hinnit,
1550 1382 1605 1426 et
1646 1373 1876 1443 pedibus
1921 1389 2135 1423 arenam
2179 1380 2358 1424 terens

364 1460 640 1511 dominum
667 1478 824 1510 suum
851 1478 881 1510 a
906 1467 1078 1511 morte
1094 1459 1398 1528 praemunit.
1474 1459 1746 1511 Beneficio
1767 1459 1918 1528 cujus
1937 1458 2198 1509 excitatus
2217 1459 2360 1510 Raso

359 1544 544 1614 primis
563 1545 864 1597 incursibus
891 1545 1091 1596 resistit
1115 1545 1339 1609 fortiter,
1366 1544 1642 1614 filiumque
1664 1563 1821 1595 suum
1849 1562 2007 1613 quem
2033 1543 2089 1594 in
2115 1543 2360 1612 proxima

363 1630 608 1699 sperabat
635 1630 823 1682 silvula
848 1630 1206 1699 familiamque
1249 1649 1380 1683 voce
1420 1631 1674 1699 praecelsa
1715 1637 1919 1682 evocat.
1991 1630 2079 1696 Illi
2124 1647 2218 1698 spe
2263 1648 2360 1681 sua

360 1717 663 1768 nullatenus
691 1717 959 1786 segniores
985 1717 1238 1769 velociter
1272 1717 1541 1782 advolant,
1569 1724 1624 1768 et
1667 1716 1852 1768 obvias
1892 1716 2101 1768 fortiter
2143 1716 2358 1767 abrum-

361 1810 498 1870 punt
522 1802 678 1854 acies.
754 1803 897 1853 Raso
925 1802 1046 1871 equi
1074 1802 1156 1853 sui
1194 1801 1460 1853 celeritate
1505 1819 1823 1870 quocunque
1863 1801 1981 1852 vult
2024 1802 2357 1866 transfertur,

360 1894 414 1937 et
438 1886 841 1955 quibuscunque
868 1886 1016 1954 cupit
1038 1885 1287 1936 hostibus
1313 1885 1592 1949 imminet3
1630 1885 1885 1936 familiam
1916 1903 2068 1935 suam
2093 1884 2356 1950 hortatur,

359 1978 414 2021 et
439 1989 495 2022 se
520 1979 695 2022 totum
719 1971 982 2039 impendit
1015 1970 1224 2022 ultioni.
1299 1971 1374 2021 At
1421 1970 1562 2021 filius
1610 1989 1739 2021 suus
1782 1969 1920 2022 sicut
1957 1969 2148 2022 unicus
2198 1970 2355 2022 unice

357 2063 562 2124 patrem
602 2056 823 2125 diligens
861 2056 1195 2108 uniformiter
1232 2063 1287 2108 et
1325 2055 1471 2107 omni
1507 2062 1703 2107 conatu
1749 2055 1939 2124 satagit
1981 2055 2125 2106 illam
2170 2055 2355 2107 ulcisci

358 2158 475 2208 quae
502 2159 656 2192 causa
682 2142 942 2193 malorum
968 2142 1162 2205 extitit,
1180 2160 1281 2210 qua
1306 2141 1522 2192 tandem
1550 2141 1825 2205 decollata,
1848 2159 1970 2192 cum
1992 2141 2163 2209 capite
2183 2140 2353 2209 ipsius

355 2225 713 2295 triumphator
737 2226 989 2278 abscedit.
1066 2227 1228 2278 Redit
1255 2228 1396 2277 Raso
1425 2244 1547 2278 cum
1575 2225 1685 2277 suis
1711 2226 1987 2277 laetissima
2006 2226 2247 2295 trophaea
2272 2244 2354 2278 re-

352 2311 546 2363 ferens,
620 2312 706 2363 De
733 2319 925 2363 caetero
952 2312 1155 2363 caeteris
1177 2311 1265 2375 ait,
1305 2314 1341 2340 ‘⁶
1369 2310 1568 2363 Cavete
1595 2318 1649 2363 et
1675 2329 1772 2380 ego
1799 2311 1955 2363 vobis
1984 2311 2121 2375 dico,
2149 2311 2352 2362 Rasoni

353 2395 565 2460 credite,
584 2396 833 2464 quoniam
855 2414 971 2465 quae
988 2396 1157 2447 multa
1182 2403 1467 2447 evaserunt
1492 2414 1615 2447 aves
1642 2395 1775 2447 retia
1791 2395 2004 2448 modico
2025 2395 2245 2447 tandem
2266 2414 2351 2448 ca-

349 2480 567 2548 piuntur
583 2481 638 2531 in
654 2481 860 2550 laqueo,
879 2482 1017 2533 sicut
1031 2482 1146 2533 haec
1167 2481 1295 2533 avis.
1360 2481 1632 2550 Scriptum
1649 2489 1755 2533 est:
1786 2482 2007 2533 Frustra
2027 2482 2224 2550 jacitur
2238 2488 2351 2533 rete

350 2572 470 2616 ante
497 2565 678 2616 oculos
699 2573 1056 2634 pennatorum
1068 2567 1124 2630 3*
1148 2566 1461 2635 hujusmodi
1485 2566 1735 2635 pennatis
1760 2584 1878 2618 raro
1905 2567 2101 2617 frustra
2119 2566 2315 2635 jacitur
2333 2587 2349 2629 3

345 2668 455 2700 non
475 2649 617 2700 enim
636 2650 837 2702 habent
858 2651 1040 2702 oculos
1065 2652 1180 2702 haec
1206 2650 1336 2713 aviS,
1355 2650 1471 2701 haec
1487 2651 1667 2719 vulpa,
1686 2651 1801 2702 haec
1827 2649 2046 2702 foemina
2071 2657 2154 2701 tot
2177 2650 2347 2701 bonas

345 2735 548 2787 viderat
581 2734 706 2786 fidei
746 2754 853 2787 suae
891 2736 1069 2800 facieS,
1113 2742 1197 2788 tot
1235 2735 1475 2787 audierat
1518 2742 1572 2787 et
1614 2753 1726 2786 non
1767 2735 2074 2786 exaudierat
2117 2735 2347 2787 divitum

344 2836 545 2887 preceS,
572 2826 626 2870 et
650 2837 681 2869 a
712 2819 844 2870 facie
889 2819 1165 2871 Sarraceni
1199 2819 1395 2888 captivi
1422 2819 1619 2888 exlegis
1647 2826 1701 2871 et
1726 2820 1988 2871 attenuati
2014 2827 2168 2888 capta
2193 2820 2347 2872 exlex

342 2905 480 2954 facta
505 2910 587 2955 est
612 2911 666 2954 et
690 2903 809 2954 vilis
836 2910 893 2954 et
917 2903 1173 2968 adultera,
1202 2903 1332 2972 legis
1372 2911 1427 2955 et
1461 2904 1561 2956 viri
1601 2904 2007 2975 quibuscunque
2049 2906 2346 2957 secundum

343 2987 565 3039 Veneris
585 2989 774 3057 loquor
792 2989 914 3056 jura
940 3006 996 3040 se
1021 2988 1225 3039 retibus
1243 2988 1446 3053 debuit,
1468 3007 1524 3040 se
1550 2990 1782 3058 negavit,
1798 2998 1852 3042 et
1873 2991 1975 3042 sibi
1992 2991 2244 3059 laqueum
2262 2990 2346 3041 in-

345 3072 582 3123 debitum
602 3081 656 3124 et
684 3073 966 3143 inopinum
990 3073 1174 3142 injecit
1193 3094 1207 3137 3
1245 3074 1360 3126 haec
1386 3092 1590 3143 pennas
1615 3075 1804 3127 habuit
1820 3076 2074 3145 quoniam
2095 3075 2347 3151 avolavit,

344 3156 508 3206 oculis
536 3156 702 3208 caruit
728 3158 850 3226 quia
877 3176 932 3209 se
959 3176 1068 3209 non
1095 3157 1251 3222 cavit,
1279 3176 1341 3210 eo
1369 3159 1513 3227 quod
1539 3158 1641 3210 sibi
1676 3159 1856 3212 visum
1882 3168 1966 3212 est
1991 3160 2197 3212 crimen
2225 3160 2342 3210 dul-

344 3237 456 3289 cius
494 3257 597 3306 quo
635 3242 934 3306 nocentius,
962 3261 1066 3311 quo
1106 3242 1303 3294 Rasoni
1335 3243 1646 3296 damnosius
1668 3265 1684 3310 3
1722 3253 1778 3298 at
1804 3264 1915 3299 non
1943 3245 2189 3298 similiter
2215 3245 2345 3296 Rol-

340 3321 450 3373 loni
475 3331 535 3374 ut
560 3325 759 3376 Rasoni
788 3345 882 3378 sua
908 3327 1092 3378 nocuit
1115 3326 1440 3380 innocentia.

1154 3439 1178 3465 ²¹<
1212 3440 1327 3478 Prov.
1349 3441 1376 3478 i.
1399 3439 1460 3480 17.
