2638 3860
371 381 474 435 Cap.
494 382 559 435 ii.]
971 385 1050 422 DE
1092 386 1277 423 NUc1s
1318 386 1696 425 GURIALIUM.
2247 374 2352 438 117

341 508 507 562 Nunc
556 517 757 576 autem,
800 510 1004 583 optime
1045 531 1159 581 rex,
1199 513 1386 568 obtine
1425 514 1639 569 veniam
1687 513 1937 586 probosae
1985 514 2218 569 nimium
2267 535 2351 571 se-

341 595 573 664 quelae.”
645 598 788 649 Tum
812 597 919 660 illa,
946 601 981 628 “
1003 598 1162 651 Certe
1187 599 1418 670 gigantis
1437 600 1527 653 illa
1549 601 1746 672 puella,
1774 601 1859 655 cui
1887 601 2123 655 detrahis
2145 602 2269 673 quia
2293 613 2348 656 te

340 700 453 733 non
479 683 715 749 attraxit,
741 683 906 736 animi
931 686 1230 738 constantis
1257 694 1341 740 est
1373 694 1429 740 et
1466 687 1626 754 firmi,
1662 686 1944 740 laudabilis
1970 687 2131 741 etiam
2165 688 2222 740 in
2260 689 2346 742 his

340 786 460 837 quae
499 776 561 820 tu
584 769 857 839 vituperas
876 789 892 834 3
931 770 1027 822 sed
1066 778 1194 823 tuus
1237 772 1325 825 hic
1368 785 1453 826 est
1495 791 1634 839 mOS,
1672 773 1841 827 immo
1884 773 2096 828 vitium.
2171 774 2346 828 Modo

341 853 489 918 fleaS,
516 862 805 924 erumpant
829 855 1080 922 lacrimae,
1119 874 1206 909 me
1242 876 1361 928 quae
1395 876 1508 911 non
1539 877 1661 912 sum
1694 859 1842 930 gigas
1872 867 2119 926 moturae,
2143 861 2231 914 vel
2254 861 2347 916 illa

336 941 535 1006 veniat,
580 949 674 993 tua
715 941 850 1006 lauS,
889 949 1017 995 tuus
1061 961 1229 1009 amor,
1274 962 1393 1014 quae
1426 945 1697 1015 gigantem
1739 946 1887 1012 vicit,
1920 947 2074 1017 cujus
2109 947 2344 1002 lacrimis

336 1027 537 1079 mortui
562 1036 868 1098 resurgunt,
892 1027 988 1080 irae
1011 1029 1293 1099 placantur
1311 1032 1638 1084 daemonum.
1714 1032 1767 1085 O
1794 1051 1955 1103 quam
1979 1033 2119 1087 bene
2155 1034 2342 1088 laudas

335 1130 496 1180 quam
532 1113 737 1179 laudaS,
781 1132 944 1184 quam
983 1114 1120 1167 bene
1157 1115 1319 1167 fietus
1354 1116 1471 1185 ejus
1502 1123 1566 1168 ut
1601 1116 1795 1169 asseris
1834 1117 2082 1171 cantibus
2119 1127 2343 1189 praestat

335 1196 560 1266 Orphei,
587 1198 679 1267 qui
703 1217 816 1251 non
841 1198 947 1251 nisi
974 1199 1075 1251 sub
1092 1199 1314 1270 ancipiti
1332 1208 1493 1270 pacto
1512 1209 1826 1254 meruerunt
1844 1201 2156 1257 Euridicen.
2231 1205 2340 1260 Sed

333 1282 464 1351 quid
504 1283 572 1335 ad
601 1284 699 1336 has
725 1285 1005 1355 Amphion
1035 1286 1311 1339 lacrimas!
1353 1288 1441 1339 hae
1475 1287 1734 1340 fecissent
1775 1287 2041 1341 Thebaeos
2076 1289 2192 1343 sine
2225 1310 2341 1344 car-

328 1368 475 1421 mine
523 1388 727 1424 murOS.
825 1372 952 1425 Toti
1002 1373 1216 1426 sudavit
1261 1373 1467 1426 utiliter
1514 1371 1633 1427 orbi
1684 1381 2053 1427 monstrorum
2103 1376 2340 1431 domitor

331 1457 615 1524 HerculeS,
648 1460 766 1512 haec
791 1467 972 1513 tamen
1000 1461 1047 1512 si
1067 1460 1334 1514 voluisset
1361 1461 1546 1514 flesset
1576 1460 1782 1513 utilius·
1856 1461 2033 1514 Modo
2069 1461 2197 1515 fleat
2228 1463 2337 1531 illa,

321 1542 513 1612 jubeat
566 1561 661 1596 rex
704 1544 1048 1597 clarissimus·
1144 1545 1253 1598 Hic
1311 1553 1459 1599 oret:
1525 1547 1744 1599 attende
1790 1554 2029 1612 senatUS,
2088 1555 2143 1600 et
2192 1557 2335 1603 certe

325 1629 557 1682 manebo
585 1629 730 1683 salva
753 1631 893 1700 regis
914 1638 970 1685 et
993 1649 1180 1684 eorum
1195 1632 1495 1685 reverentia
1513 1632 1725 1686 victrix·
1775 1633 2077 1685 Audiemus
2098 1633 2334 1688 omnia.”

326 1714 484 1780 Galo,
528 1719 565 1746 ‘⁶
585 1717 862 1769 Praedictis
903 1716 1157 1770 odibilius
1191 1718 1438 1784 audietiS,
1475 1725 1532 1771 et
1568 1719 1744 1789 majus
1789 1718 2141 1789 opprobrium
2185 1721 2332 1789 quod

322 1800 463 1853 inter
488 1801 694 1854 domini
718 1803 857 1872 regis
884 1810 940 1856 et
964 1803 1319 1856 assidentium
1345 1803 1395 1856 ei
1419 1822 1605 1874 preces
1631 1812 1858 1875 tuasque
1883 1805 2227 1875 negationes:
2263 1806 2332 1859 ad

319 1887 574 1939 ultimum
593 1879 819 1941 firmiter
842 1888 899 1940 in
925 1889 1276 1942 meditatione
1302 1890 1534 1959 figebam
1560 1907 1648 1943 me
1669 1890 1755 1943 die
1782 1898 2006 1956 statut0,
2030 1910 2206 1961 neque
2230 1910 2331 1962 pro

317 1972 666 2042 fidejussione
710 1992 831 2027 mea
864 1993 1025 2044 quam
1057 1975 1258 2028 laceras
1301 1972 1478 2046 neque
1512 1994 1613 2046 pro
1646 1976 1875 2046 alicujus
1915 1977 2133 2030 alterius
2174 1996 2330 2030 casus

319 2059 517 2112 damno
555 2060 644 2112 vel
684 2060 853 2126 lucro,
913 2061 1105 2115 decore
1165 2062 1253 2115 vel
1294 2063 1519 2129 honore,
1563 2062 1622 2115 in
1667 2063 1788 2116 loco
1829 2063 2099 2116 destinato
2144 2071 2331 2117 contra

316 2143 587 2214 gigantem
637 2154 904 2199 armatum
952 2165 1054 2199 nec
1113 2147 1378 2200 inermem
1430 2147 1822 2217 appariturum.
1898 2148 2328 2202 condixeramus

315 2238 499 2283 tamen
544 2230 644 2283 sub
683 2232 992 2301 juramento
1033 2232 1316 2284 dominum
1366 2240 1615 2285 nostrum
1657 2250 1837 2302 regem
1882 2240 1938 2285 et
1970 2233 2152 2303 ipsum
2201 2252 2326 2287 cum

313 2317 593 2387 utriusque
629 2318 797 2387 partis
839 2317 1077 2370 exercitu
1109 2318 1323 2388 plenius
1362 2319 1643 2382 affuturos,
1670 2319 1817 2387 quod
1855 2337 2002 2371 nunc
2027 2337 2138 2371 non
2164 2337 2328 2388 opor-

314 2410 411 2468 tet,
438 2403 562 2472 quia
586 2421 697 2455 non
723 2403 825 2456 erit
848 2402 982 2454 mihi
1023 2421 1148 2455 cum
1182 2402 1397 2472 gigante
1432 2420 1770 2472 congressuS.
1836 2402 2152 2456 Advocetur
2179 2404 2324 2456 Her-

313 2489 459 2541 cules
486 2496 542 2541 et
565 2488 622 2541 in
649 2489 797 2542 clava
820 2488 950 2542 visit
986 2487 1167 2540 debita
1198 2506 1309 2540 suae
1349 2487 1539 2541 virtuti
1573 2494 1816 2539 monstra
1854 2505 1952 2540 suo
1989 2495 2322 2541 reservatum

312 2574 544 2645 aenigma
588 2574 770 2627 sudori
806 2575 927 2628 Deo
969 2593 1082 2627 non
1124 2573 1332 2626 homini
1381 2573 1570 2625 titulos
1621 2573 1878 2642 adjectOS.
1967 2574 2058 2626 En
2094 2574 2321 2627 audistis

311 2661 510 2727 omnia,
535 2679 636 2714 nec
668 2679 841 2713 unum
865 2661 976 2713 iota
1008 2660 1299 2730 ignominae
1326 2678 1460 2712 meae
1497 2658 1653 2712 vobis
1681 2658 1912 2711 celatum
1938 2665 2056 2725 est3
2092 2659 2319 2728 jacturae

310 2747 596 2816 praeteritae
621 2747 876 2816 pudenda
900 2746 1228 2815 timoresque
1254 2746 1465 2797 futuros
1498 2744 1678 2814 palam
1702 2742 1822 2796 feci.
1897 2742 2044 2798 Quid
2086 2744 2317 2814 amplius

310 2840 394 2885 est
428 2851 533 2902 quo
571 2833 705 2885 mihi
725 2851 920 2886 nocere
944 2833 1076 2885 velit
1100 2839 1194 2884 aut
1217 2831 1394 2902 possit
1430 2830 1628 2900 regina.
1703 2829 1741 2882 J
1744 2848 1829 2881 am
1855 2828 1989 2881 mihi
2023 2828 2100 2881 nil
2132 2836 2329 2896 restat,

308 2918 415 2970 nisi
437 2926 617 2970 vastas
643 2918 943 2972 inhabitare
982 2917 1302 2971 solitudines
1344 2926 1399 2970 et
1435 2914 1747 2969 hominibus
1789 2914 2003 2967 insueta
2038 2914 2174 2979 loca,
2211 2914 2317 2967 fre-

308 3004 584 3073 quentiam
610 3004 854 3056 omnium
890 3005 1059 3058 vitare
1093 3003 1355 3073 gentium,
1382 3010 1437 3055 et
1469 3009 1533 3054 ut
1558 3000 1817 3054 memoria
1853 3001 1961 3053 mei
1994 3000 2312 3070 quantocius

306 3108 337 3142 a
361 3088 494 3141 facie
520 3096 675 3142 terrae
702 3090 958 3155 deleatur,
993 3097 1058 3142 ut
1098 3089 1270 3141 instar
1295 3087 1644 3157 Empedoclis
1675 3086 1899 3138 AEthnae
1923 3085 2155 3138 flammis
2181 3085 2314 3138 insi-

303 3174 449 3239 liam,
474 3174 562 3226 vel
586 3173 898 3226 incumbam
923 3172 1100 3243 gladio
1128 3172 1314 3237 Pirini,
1347 3172 1434 3224 vel
1459 3171 1706 3241 Neptuni
1726 3189 1812 3224 me
1849 3171 2057 3224 tradam
2097 3170 2309 3236 belluis,

302 3279 373 3314 ne
399 3260 445 3312 si
472 3259 565 3312 diu
583 3259 766 3312 vixero
786 3260 1009 3330 longum
1037 3257 1139 3310 sibi
1163 3257 1401 3310 infamiae
1428 3257 1642 3327 signum
1662 3265 1717 3310 et
1736 3256 2132 3310 monimentum
2150 3258 2311 3310 dede-

301 3346 439 3400 coris
459 3354 514 3400 et
532 3345 793 3416 probrosa
813 3345 1056 3399 ostensio
1081 3344 1372 3414 digitorum
1393 3344 1693 3414 gaudeant,
1713 3344 1813 3397 hac
1832 3343 1949 3397 luce
1970 3362 2128 3413 quam
2149 3343 2307 3397 velox
