2638 3860
391 404 491 450 184
1097 405 1408 442 GUALTERI
1450 403 1650 438 MAPEs
2063 402 2360 452 [Distinc.1V.

389 553 725 607 excandescit
784 549 922 619 ignis
968 546 1220 610 avaritiae,
1284 543 1570 614 cupidique
1621 541 1876 593 similium
1927 542 2161 611 Wigano
2211 542 2379 594 insul-

387 648 562 693 tantes
602 638 768 701 aiunt,
808 638 843 663 ‘⁶
866 634 1059 685 Honor
1100 631 1259 684 Alani
1303 639 1386 683 est
1410 628 1647 681 visitatio
1694 645 1932 691 suorum,
1977 635 2033 679 et
2075 646 2141 679 ex
2187 628 2297 679 suis
2331 627 2380 680 ei

384 724 654 777 humilitas
693 728 748 774 et
786 736 935 771 amor
960 717 1241 770 exhibetur
1257 737 1272 780 3
1323 716 1380 767 in
1406 716 1510 766 hoe
1537 713 1682 783 quod
1708 720 1933 765 vocatus
1961 713 2168 764 tociens
2197 731 2382 782 super-

386 808 585 871 sedisti,
612 805 738 875 quid
766 805 911 856 aliud
937 811 1019 856 est
1044 822 1204 872 quam
1230 802 1410 871 ipsum
1454 798 1778 869 proditionis
1819 815 2056 867 arguere,
2101 799 2189 850 vel
2225 806 2380 849 tuum

381 892 655 964 propalare
698 898 1070 958 contemptum
1113 889 1180 940 ad
1224 887 1333 940 vim
1374 894 1430 938 et
1474 884 1817 954 superbiam?
1910 882 2041 952 Eja!
2082 883 2271 952 primis
2311 882 2380 935 ob

381 988 625 1047 tempora
645 976 909 1027 mandatis
927 977 1082 1027 famae
1107 974 1309 1025 labenti
1336 972 1575 1035 consule,
1601 978 1748 1039 terge
1774 969 2060 1038 praeteritae
2080 968 2382 1037 rubiginem

378 1064 661 1115 infamiae.''
734 1061 944 1114 Annuit
968 1061 1262 1129 Wiganus3
1308 1076 1623 1127 persuasum
1651 1064 1734 1108 est
1760 1056 1809 1107 ei
1825 1055 1948 1107 vitae
1975 1055 2292 1124 periculum,
2322 1063 2378 1107 et

380 1167 501 1202 ecce
543 1148 680 1217 regis
725 1155 780 1199 et
816 1146 1011 1215 reginae
1054 1145 1238 1197 nuncii
1283 1145 1442 1196 simul
1462 1164 1477 1208 3
1523 1142 1777 1195 euntibus
1808 1141 2119 1194 Clodoanus
2181 1140 2383 1204 obviat,

379 1236 616 1298 miratur,
655 1233 945 1298 dissuadet,
972 1232 1264 1301 Wiganum
1310 1229 1533 1281 detinet.
1627 1227 1942 1280 Remelinus
1969 1246 1999 1278 a
2025 1245 2148 1296 rege
2189 1245 2287 1279 suo
2326 1235 2382 1279 et

378 1321 558 1390 regina
602 1319 757 1371 solita
803 1317 1092 1386 suscipitur
1118 1336 1178 1369 ac
1224 1315 1451 1385 digniori
1488 1313 1802 1366 reverentia.
1878 1313 2084 1382 Regina
2111 1312 2380 1382 praecipue

379 1424 496 1475 quae
539 1404 869 1474 frequentius
914 1402 1275 1473 proditionem
1304 1401 1503 1463 studet,
1532 1418 1588 1451 se
1625 1400 1798 1469 ipsam
1826 1406 1994 1450 totam
2023 1398 2380 1450 familiaritate

377 1490 858 1544 commendabilem
897 1489 1040 1553 facit,
1067 1487 1265 1551 educit,
1291 1486 1517 1550 reducit,
1544 1485 1734 1537 miscet
1780 1485 1914 1536 seria
1958 1485 2119 1548 ludis,
2164 1491 2219 1535 et
2266 1492 2381 1536 tota

380 1577 565 1646 palliat
590 1575 842 1628 comitate
867 1574 1179 1643 nequitiam.
1275 1570 1697 1624 Considentibus
1725 1570 1800 1621 eis
1840 1578 1894 1621 et
1921 1569 2380 1621 commorantibus

378 1663 444 1714 ad
472 1661 887 1731 propugnacula,
913 1660 1052 1712 forte
1081 1659 1188 1710 duo
1214 1657 1469 1710 videntur
1494 1655 1602 1707 albi
1627 1655 1869 1707 vultures
1900 1655 2198 1708 insidentes
2225 1656 2380 1708 cada-

377 1748 504 1807 veri,
531 1747 709 1816 magni
735 1746 952 1815 quidem
979 1753 1034 1796 et
1059 1745 1356 1797 secundum
1381 1742 1768 1794 informitatem
1805 1743 1962 1793 famae
1991 1760 2101 1793 suae
2131 1742 2378 1811 pulcher-

376 1832 513 1896 rimi,
540 1832 651 1884 avis
678 1831 820 1883 enim
847 1829 1207 1899 incomposita
1233 1836 1347 1890 est;
1398 1836 1453 1879 et
1478 1845 1600 1879 ecce
1626 1827 1820 1878 tertius
1847 1827 2030 1877 vultur
2055 1827 2299 1879 modicus
2327 1835 2381 1879 et

380 1917 529 1984 niger
555 1917 746 1985 dejecit
771 1916 920 1968 albos
946 1916 1153 1984 impetu
1181 1914 1358 1965 subito
1386 1920 1441 1965 et
1465 1912 1736 1981 effugavit,
1769 1912 2111 1981 obtinuitque
2138 1913 2378 1965 cadaver.

377 2002 538 2052 Ridet
565 2001 892 2064 RemelinuS,
935 2008 990 2052 et
1032 2000 1149 2068 ipsa
1194 1998 1509 2050 sollicitatur
1539 1997 1668 2066 quid
1693 1997 1834 2049 hoc?
1914 1997 2148 2049 Poenitet
2172 1997 2373 2066 ipsum,

378 2087 546 2138 celare
573 2086 810 2154 cupiens,
888 2086 1012 2139 Quo
1044 2084 1211 2154 magis
1255 2084 1376 2136 silet
1420 2083 1487 2134 ad
1531 2083 1795 2135 rationem
1821 2083 2111 2134 instantius
2138 2083 2376 2152 ponitur.

378 2171 618 2223 Foemina
662 2171 822 2234 enim,
851 2170 989 2222 sicut
1015 2178 1208 2222 ventus
1235 2170 1288 2220 in
1318 2168 1594 2220 obstacula
1631 2169 1779 2231 furit,
1819 2168 1895 2220 sic
1919 2168 2076 2220 irruit
2100 2169 2158 2220 in
2186 2177 2377 2238 negata

375 2256 612 2319 consilia,
638 2263 693 2308 et
736 2257 906 2307 donec
949 2254 1167 2307 evicerit
1204 2273 1316 2306 non
1361 2262 1445 2306 est
1479 2254 1601 2305 finis
1628 2253 1922 2307 instantiae.
1962 2254 2213 2307 Vincitur
2250 2272 2375 2324 ergo

376 2340 703 2404 RemelinuS,
742 2347 797 2392 et
820 2339 1013 2408 inquit,
1058 2343 1092 2368 ‘⁶
1121 2340 1288 2391 Mons
1315 2357 1540 2407 magnus
1566 2338 1622 2389 in
1650 2345 1790 2390 terra
1817 2356 1935 2390 mea
1963 2339 2145 2408 nigros
2185 2339 2379 2392 educat

374 2424 642 2488 vultures;
696 2442 852 2476 mons
894 2424 1026 2476 alter
1069 2441 1135 2475 ex
1179 2422 1431 2492 opposito
1477 2429 1626 2474 extra
1672 2423 1844 2474 multo
1882 2423 2065 2492 plures
2107 2422 2273 2476 habet
2321 2432 2378 2476 et

372 2508 550 2574 albos3
600 2510 657 2560 in
696 2509 845 2561 omni
869 2527 997 2561 vero
1024 2527 1210 2561 eorum
1238 2508 1493 2560 conflictu
1527 2515 1751 2576 praestat
1787 2527 1929 2559 unus
1967 2509 2121 2578 niger
2160 2509 2372 2562 duobus

373 2593 523 2657 albis,
561 2602 624 2645 ut
660 2594 820 2645 modo
846 2593 1047 2645 vidisti.
1124 2592 1198 2644 Et
1236 2592 1360 2661 quia
1399 2591 1643 2644 similiter
1679 2611 1820 2644 unus
1864 2611 2111 2645 meorum
2139 2595 2371 2647 militum

373 2678 582 2730 duobus
608 2679 863 2748 praevalet
888 2697 954 2731 ex
981 2679 1175 2731 vestris
1200 2678 1258 2729 in
1285 2677 1435 2729 omni
1461 2696 1753 2745 congressu
1778 2678 1927 2730 risi.'’
2002 2679 2091 2730 Ad
2116 2680 2232 2731 haec
2268 2680 2376 2744 illa,

373 2764 540 2816 “Hoc
557 2764 602 2815 si
621 2781 806 2816 verum
825 2771 925 2826 est,
941 2770 1120 2814 vestro
1144 2762 1272 2813 satis
1294 2762 1515 2830 dignum
1538 2770 1622 2813 est
1637 2761 1768 2826 risu,
1785 2770 2079 2832 nostroque
2100 2765 2371 2832 ploratu?

372 2849 446 2901 Et
472 2850 540 2900 ad
565 2849 695 2902 alios
722 2868 848 2901 mox
872 2849 1129 2900 translata
1156 2866 1447 2912 sermoneS,
1473 2848 1726 2916 jocundis
1753 2866 1878 2900 eum
1903 2849 2082 2902 verbis
2109 2869 2279 2920 usque
2305 2851 2374 2903 ad

372 2934 737 2986 dimissionem
789 2932 1037 2985 detinuit.
1112 2932 1188 2983 Et
1235 2931 1320 2983 his
1371 2931 1546 2983 Alano
1588 2933 1856 2984 crudelius
1900 2953 2060 3003 quam
2113 2944 2373 3005 concepta

371 3018 579 3069 fuerant
604 3036 634 3068 a
660 3016 940 3069 Remelino
966 3015 1165 3080 relatiS,
1186 3015 1415 3084 amplius
1442 3015 1583 3067 inter
1609 3034 1701 3068 eos
1727 3016 1892 3068 filiam
1920 3018 2096 3070 cordis
2125 3019 2207 3070 sui
2235 3020 2374 3072 sedi-

371 3103 571 3155 tionem
597 3102 864 3164 accendit3
906 3102 1073 3153 instat
1106 3108 1162 3153 et
1187 3101 1396 3170 optinet
1423 3108 1485 3152 ut
1510 3101 1626 3170 ipse
1653 3120 1774 3154 cum
1801 3104 1920 3172 ipsa
1946 3105 2191 3173 proditor
2215 3105 2373 3157 inno-

374 3188 558 3239 centiae
584 3189 692 3239 fiat.
769 3188 1005 3240 Centum
1032 3187 1237 3256 equites
1275 3187 1530 3251 FrancOS,
1569 3188 1730 3239 armis
1757 3196 1812 3240 et
1848 3190 2154 3259 proditione
2186 3190 2374 3242 furtim

373 3272 677 3337 instructos,
703 3274 843 3324 intra
870 3281 1079 3341 portam
1107 3272 1425 3324 exteriorem
1451 3273 1508 3324 in
1534 3282 1720 3343 crypta
1747 3275 2004 3340 condunt,
2033 3276 2372 3328 Remelinum

373 3364 427 3406 et
452 3356 734 3424 Wiganum
762 3357 1082 3408 inclusurOS.
1160 3357 1446 3409 Solennius
1481 3358 1644 3426 igitur
1686 3359 1849 3411 ‘solito
1876 3379 2078 3429 perque
2105 3361 2370 3429 digniores
