2638 3860
334 349 433 401 Cap.
456 349 517 399 v.]
947 349 1024 382 DE
1069 347 1251 383 NUGIS
1295 346 1670 383 crrmAmUM.
2223 333 2322 390 137

307 475 398 526 illa
422 474 658 544 fugando
699 475 873 545 longis
914 474 1139 544 quaesita
1171 472 1383 543 vigiliis,
1428 474 1544 526 haec
1581 473 1836 543 fugiendo
1874 472 2026 526 brevi
2066 472 2161 525 sed
2199 473 2326 525 forti

303 567 457 629 parta
494 560 786 629 vigilantia,
812 561 903 612 illa
944 560 1112 612 dulcis
1140 567 1195 611 et
1221 559 1498 624 dilectanS,
1523 559 1640 611 haec
1674 576 1852 610 amara
1888 566 1943 611 et
1981 558 2188 623 dolenS,
2229 559 2324 611 sed

303 646 510 698 fructus
539 665 722 698 earum
759 647 981 698 mutatis
1020 645 1364 698 invenientur
1407 644 1689 715 saporibus
1730 645 1787 696 in
1829 653 2070 715 tempore
2112 646 2323 699 messis,

306 731 394 783 Sic
421 740 607 783 contra
632 731 796 783 fidem
825 731 1063 784 Nasonis
1089 750 1120 782 a
1152 732 1352 800 juvene
1379 738 1434 783 et
1460 730 1656 800 cupido
1694 731 1904 783 reddita
1939 739 2022 784 est
2057 739 2321 801 quantum

301 816 358 867 in
398 817 518 886 ipso
564 826 648 870 est
690 817 840 887 virgo
868 839 883 882 3
933 818 1050 870 haec
1090 825 1269 868 autem
1313 816 1369 868 in
1407 816 1528 885 ipso
1570 835 1681 869 suae
1725 817 1933 870 fervore
1973 817 2231 883 libidinis,
2265 817 2322 870 in

297 903 464 972 janua
498 903 726 967 DioneS,
763 904 821 955 in
853 902 1152 972 praecipitio
1177 910 1445 972 promptae
1471 902 1659 967 ruinae,
1685 903 1742 954 in
1781 889 2154 973 desperatione
2190 923 2319 958 con-

301 988 561 1041 tinentiae.
639 989 775 1043 Quis
803 1008 913 1041 non
940 990 1181 1053 miretur,
1202 996 1257 1041 et
1294 1007 1404 1039 non
1431 989 1577 1040 hunc
1603 988 1845 1041 imitetur
1871 989 1916 1040 si
1941 990 2149 1059 possit?
2211 991 2319 1043 Hic

300 1081 444 1125 certe
460 1074 640 1142 potuit
664 1075 845 1144 fugam
871 1074 1124 1127 invadere
1143 1074 1314 1142 gratia
1338 1073 1707 1143 praeventrice,
1734 1082 1790 1126 et
1814 1083 2058 1144 arreptus
2093 1077 2318 1129 evadere

299 1160 466 1227 gratia
484 1160 865 1212 subsecuti-icc.
931 1159 1110 1211 Fortis
1129 1158 1235 1223 hic,
1259 1160 1354 1211 sed
1373 1160 1429 1210 in
1450 1178 1515 1212 eo
1536 1160 1690 1212 fortis
1711 1169 2002 1231 utrumque
2024 1162 2315 1228 DominUS,

298 1245 580 1297 laudabilis
600 1247 706 1310 hic,
729 1247 823 1297 sed
840 1265 871 1297 a
891 1247 1150 1310 Domino,
1167 1245 1376 1297 videbit
1396 1246 1483 1298 hic
1503 1246 1654 1316 piger
1674 1256 1729 1299 et
1746 1247 2070 1317 expectabit,
2090 1250 2316 1318 gratiam

297 1332 575 1384 excusabit
591 1340 646 1384 et
663 1332 888 1384 incurrit
907 1332 1187 1384 offensam.
1228 1332 1348 1383 Nos
1366 1340 1544 1384 autem
1564 1351 1709 1386 nunc
1726 1352 1836 1385 non
1855 1334 1947 1399 sic,
1967 1335 2062 1386 sed
2084 1335 2315 1387 sciamus

300 1417 415 1469 sine
441 1417 560 1486 ipso
588 1418 722 1470 nihil
746 1437 908 1488 posse
934 1418 1066 1482 fieri,
1094 1425 1149 1469 et
1175 1436 1433 1470 conemur
1452 1426 1710 1487 tanquam
1731 1438 1797 1471 ex
1823 1419 1980 1471 nobis
2007 1420 2160 1472 initia
2187 1421 2314 1485 sint,

299 1511 354 1555 et
379 1503 513 1554 nulli
540 1503 757 1555 conatui
784 1503 924 1555 desit
959 1521 1082 1572 spes
1111 1511 1166 1555 et
1191 1504 1394 1567 orati03
1433 1504 1774 1574 accingamur
1799 1506 1910 1558 vim
1945 1507 2117 1559 facere
2144 1507 2316 1559 donec

298 1588 456 1639 nobis
482 1595 545 1639 ut
570 1588 702 1639 assit
728 1594 783 1639 et
816 1598 1059 1639 nostram
1098 1586 1204 1656 ipsi
1235 1588 1444 1657 placere
1488 1589 1719 1641 sciamus
1755 1590 2100 1656 violentiam3
2139 1591 2313 1644 virtus

296 1673 520 1743 pallium
546 1674 880 1743 apprehensa
918 1691 1029 1724 non
1067 1672 1278 1742 linquit,
1307 1674 1402 1726 sed
1429 1693 1535 1744 quo
1579 1677 1802 1728 traxeris
1849 1677 1983 1729 ultio
2026 1677 2316 1729 comitatur

296 1766 498 1827 optata.
577 1757 687 1811 Qui
713 1758 858 1810 carni
882 1757 1145 1827 praecipit,
1172 1758 1360 1826 effugit
1384 1758 1536 1824 iram,
1569 1766 1623 1813 et
1658 1759 1749 1829 qui
1776 1760 1878 1812 sibi
1903 1761 2116 1813 frenum
2141 1762 2314 1831 ponit,

294 1863 325 1896 a
351 1843 592 1896 Domino
620 1843 897 1913 dirigitur:
943 1842 1051 1913 ipsi
1076 1852 1253 1913 grates
1280 1863 1311 1896 a
1337 1863 1444 1914 quo
1470 1844 1672 1914 gratiae.

602 2003 844 2069 Explicit
870 2002 1139 2054 distinctio
1167 2004 1328 2054 tertia
1355 2003 1636 2070 Nuyarum
1670 2004 1981 2056 Curialium.

366 3359 554 3394 CAMD.
584 3360 703 3394 SOC-
1976 3366 2010 3398 Τ
