2638 3860
363 414 469 460 220
1080 417 1390 453 GUALTERI
1432 414 1630 450 MAPES
1689 445 1697 450 ,
2024 415 2297 466 [Βίεῇῃο,ν,

360 563 566 616 reducit
605 560 829 630 equiteS,
866 559 1173 610 incensores
1217 562 1450 619 revocat,
1502 553 1799 623 solutisque
1843 554 2106 606 machinis
2156 555 2354 607 reverti

360 655 628 718 properat.
702 646 854 697 Tunc
891 643 1076 712 utique
1122 642 1214 712 qui
1241 661 1296 694 se
1325 641 1674 710 sapientiores
1701 648 1986 692 autumant
2012 642 2353 692 stomachan-

360 742 462 796 tur,
489 732 544 782 in
570 731 717 782 litem
746 739 960 792 exeunt,
986 735 1273 780 causantur
1299 726 1443 796 quod
1471 744 1632 795 supra
1666 726 1888 777 modum
1915 726 2076 777 fuerit
2102 726 2353 776 omnibus

359 817 668 869 infortuitus
708 816 846 866 tanti
888 814 1160 883 negligens
1199 813 1341 864 ultro
1368 812 1689 863 discriminis
1717 811 2097 880 offerentisque
2122 811 2353 862 fortunae

358 909 581 971 spretor,
623 900 932 970 injuriarum
979 898 1235 950 remissus
1279 899 1440 962 ultor,
1472 906 1679 950 amator
1722 897 2034 949 hostilitatis
2086 905 2141 949 et
2190 897 2352 960 fotor,

357 995 725 1055 promptaeque
751 985 988 1037 victoriae
1015 984 1243 1036 crudelis
1269 984 1521 1053 abjector.
1600 983 1814 1038 Quibus
1840 984 1957 1053 ipse
1982 983 2194 1052 parcius
2221 982 2354 1045 haec,

359 1070 471 1122 “Si
512 1070 638 1139 quid
683 1069 870 1132 erravi,
895 1069 1030 1120 nihil
1074 1077 1253 1120 tamen
1294 1069 1362 1120 ob
1404 1069 1501 1120 has
1543 1077 1775 1121 erratum
1816 1077 1900 1121 est
1938 1087 2142 1120 causas.
2218 1067 2350 1119 Vae!

356 1156 572 1207 nescitis
599 1155 721 1225 quia
740 1155 972 1207 virorum
1002 1163 1129 1223 post
1156 1154 1499 1206 Salomonem
1528 1154 1956 1223 sapientissimus
1974 1154 2048 1205 ait
2076 1153 2232 1217 Cato,

837 1262 1014 1301 Vincere
1033 1275 1125 1301 cum
1145 1262 1276 1313 possis
1291 1262 1497 1301 interdum
1519 1262 1614 1301 cede
1634 1262 1804 1301 sodali.*

358 1359 639 1428 Numquid
678 1360 792 1429 ejus
833 1359 1055 1411 consilio
1098 1359 1281 1411 venire
1318 1360 1484 1411 vultis
1529 1358 1782 1411 obviam?
1858 1360 2117 1412 Attamen
2157 1370 2212 1413 et
2253 1362 2353 1414 alia

356 1453 468 1495 erat
491 1464 635 1497 nunc
660 1445 912 1513 parcendi
938 1444 1090 1496 ratio,
1167 1444 1301 1496 Cavi
1318 1453 1460 1496 certe
1487 1463 1555 1495 ne
1581 1463 1678 1513 per
1704 1462 1921 1513 operam
1949 1465 2124 1497 meam
2150 1447 2231 1498 vir
2257 1467 2354 1518 op-

358 1531 521 1581 timus
547 1531 741 1582 laevum
771 1531 969 1599 aliquid
1013 1530 1220 1581 audiret
1258 1530 1313 1581 in
1340 1530 1657 1582 minutionis
1698 1548 1808 1581 suae
1851 1538 2091 1600 tempore
2127 1534 2270 1601 quod
2305 1535 2354 1586 ei

355 1628 540 1683 posset
583 1634 700 1667 esse
741 1616 930 1667 mortis
972 1614 1235 1666 occasio.''
1311 1615 1570 1666 Riserunt
1613 1623 1667 1666 et
1708 1615 2010 1667 deriserunt
2054 1635 2178 1668 eum
2227 1618 2354 1671 inde

361 1702 460 1764 sui,
486 1702 613 1753 licet
651 1702 805 1765 clam,
835 1702 924 1752 sed
973 1701 1062 1770 qui
1098 1701 1244 1752 videt
1284 1701 1338 1751 in
1371 1719 1462 1753 cor
1487 1701 1759 1753 Dominus
1801 1710 1856 1753 et
1898 1703 2036 1754 hanc
2077 1704 2126 1755 ei
2165 1704 2355 1757 tribuit

355 1787 686 1854 sapientiam,
707 1787 929 1839 eandem
953 1788 1000 1839 ei
1034 1795 1088 1838 et
1128 1787 1203 1838 sic
1230 1787 1475 1838 retribuit
1495 1789 1637 1856 quod
1665 1807 1852 1840 omnes
1882 1789 2120 1841 Franciae
2145 1790 2350 1858 gladios

356 1873 617 1924 convertit
641 1874 697 1924 in
723 1891 984 1936 vomereS‚
1024 1882 1078 1924 et
1112 1891 1209 1923 suo
1236 1874 1362 1924 fecit
1389 1874 1581 1925 deinde
1606 1891 1702 1941 per
1726 1874 1950 1942 gratiam
1983 1894 2134 1926 suam
2172 1876 2351 1944 gladio

358 1959 644 2026 subjectos.
719 1959 862 2009 Nam
900 1958 1204 2010 Teobaldus
1247 1959 1427 2009 audita
1460 1959 1659 2027 pietate
1685 1959 1970 2011 verborum
2010 1969 2065 2012 et
2107 1961 2354 2013 beneficii

358 2044 572 2095 caritate
593 2044 815 2094 miratus
837 2052 891 2095 et
910 2052 1194 2095 veneratus
1216 2044 1446 2096 amicum
1474 2045 1702 2104 hostem,
1731 2045 1911 2096 literas
1931 2046 2027 2097 has
2048 2065 2142 2115 per
2167 2047 2352 2099 fideles

357 2129 503 2180 misit
527 2130 784 2181 nuncios:
825 2129 1114 2181 “Domino
1152 2131 1481 2182 Francorum
1521 2130 1631 2199 regi
1676 2131 1970 2196 Lodovico,
2013 2151 2124 2184 suae
2166 2133 2353 2184 salutis

356 2215 730 2279 conservatori,
780 2214 1125 2266 Theobaldus
1167 2214 1476 2283 Campaniae
1521 2232 1701 2266 comes
1751 2215 1807 2265 in
1846 2216 2085 2268 Domino
2126 2218 2352 2270 salutem

355 2299 498 2351 dicit.
575 2301 639 2351 In
680 2300 1047 2369 assumptione
1076 2300 1260 2352 Beatae
1289 2299 1477 2352 Mariae
1503 2299 1722 2369 virginis
1750 2300 1903 2353 vobis
1930 2302 2090 2354 adero
2117 2322 2213 2373 per
2235 2324 2354 2374 gra-

353 2385 480 2436 tiam
504 2385 723 2450 Christi,
744 2394 934 2438 vestrae
953 2387 1018 2438 de
1042 2395 1234 2438 caetero
1256 2386 1487 2456 jussioni
1506 2387 1773 2455 pariturus
1799 2388 1854 2438 in
1883 2389 2152 2454 omnibus,
2170 2399 2357 2442 auctor

354 2470 663 2523 hostilitatis
685 2473 829 2541 pacis
857 2472 1079 2524 amatori
1108 2473 1495 2537 satisfacturus,
1515 2472 1707 2526 victori
1733 2494 1818 2526 me
1835 2475 2037 2527 victum
2058 2476 2356 2542 dediturus,

353 2565 415 2607 ut
450 2566 706 2627 perpetua
742 2558 835 2609 fiat
868 2558 924 2608 in
965 2557 1123 2610 nobis
1164 2577 1270 2627 pax
1314 2577 1437 2609 cum
1471 2559 1676 2611 honore
1710 2568 1890 2611 vestro
1931 2579 2159 2630 meoque
2195 2562 2355 2615 dede-

356 2661 492 2695 core.
566 2645 758 2697 Valeat
806 2645 861 2695 in
906 2644 1145 2696 Domino
1192 2662 1403 2712 semper
1450 2662 1544 2695 rex
1592 2645 1902 2714 pacifiCUS.''
1981 2647 2084 2699 His
2136 2649 2355 2713 auditis,

356 2729 659 2782 Lodovicus
703 2730 897 2799 gratias
955 2730 1063 2799 egit
1111 2730 1410 2792 Altissimo‚
1464 2730 1655 2799 dieque
1707 2739 1907 2783 statuta
1949 2733 2283 2785 Teobaldum
2322 2754 2353 2786 a

355 2813 579 2880 pedibus
616 2815 724 2865 suis
758 2815 824 2865 ad
851 2815 1094 2866 osculum
1122 2814 1307 2878 erexit,
1352 2823 1406 2865 et
1432 2814 1625 2866 exinde
1651 2833 1777 2867 vero
1807 2816 1965 2867 corde
1993 2817 2180 2868 dilexit
2206 2827 2260 2870 et
2284 2819 2351 2870 ab

354 2899 470 2966 ipso
497 2901 653 2968 plene
681 2901 904 2952 dilectus
930 2909 1029 2964 est,
1056 2901 1122 2952 ad
1149 2907 1464 2969 perpetuam
1492 2899 1574 2950 sui
1601 2901 1860 2969 temporis
1897 2909 1951 2953 et
1971 2903 2119 2971 regni
2146 2921 2355 2971 pacem.

357 2985 459 3048 Sic,
480 2986 635 3052 juxta
654 2986 874 3038 verbum
895 2987 1134 3051 Domini,
1154 3005 1353 3055 prunas
1381 2986 1628 3038 ardentes
1655 2986 1917 3055 imposuit
1960 3007 2121 3057 super
2157 2990 2353 3042 hostile

357 3075 567 3137 caput,†
593 3081 804 3125 vertens
831 3074 1031 3142 ipsum,
1051 3082 1105 3125 et
1130 3092 1241 3124 non
1267 3073 1370 3124 fuit
1393 3073 1549 3136 ultra,
1572 3073 1666 3124 sed
1692 3091 1786 3125 cur
1807 3074 1980 3126 dicam
2000 3075 2226 3144 impium
2249 3075 2354 3127 nisi

354 3156 539 3208 fuerat.
616 3158 718 3210 Cui
745 3160 1013 3211 Dominus
1039 3159 1389 3229 postmodum
1416 3158 1543 3211 fecit
1571 3178 1682 3210 suae
1710 3159 2011 3213 dilectionis
2039 3169 2219 3230 aperte
2247 3161 2354 3230 sig-

408 3267 432 3291 *
463 3268 562 3306 Cato
584 3270 631 3307 de
652 3271 853 3318 Moribus,
876 3272 1050 3310 Distich.
1068 3275 1175 3310 34-
1433 3273 1461 3320 †
1489 3272 1525 3311 A
1552 3271 1755 3311 reference
1779 3277 1822 3312 to
1843 3273 2024 3312 Romans
2043 3273 2114 3311 xii.
2137 3274 2201 3312 20.
2259 3272 2353 3311 Hoc

358 3333 530 3372 Vincere
550 3348 638 3373 cum
659 3339 805 3387 possis,
826 3340 1028 3378 interdum
1051 3341 1146 3378 cede
1167 3340 1308 3387 sodali,
1381 3341 1488 3379 enim
1506 3341 1673 3388 faciens,
1696 3342 1890 3381 carbones
1905 3343 2010 3393 ignis
2025 3352 2217 3392 congeres
2233 3354 2356 3392 super

358 3400 563 3452 Obsequio
584 3405 770 3452 quoniam
796 3406 932 3445 dulces
952 3409 1171 3445 vincuntur
1190 3409 1322 3446 amici.
1380 3413 1503 3460 caput
1522 3409 1622 3458 ejus.
