2638 3860
306 376 404 427 Cap.
425 377 514 427 νὴ]
918 378 994 412 DE
1038 378 1219 413 NUGIS
1261 379 1634 415 ctvaLmM.
2177 373 2275 419 241

280 515 492 580 saeviuS,
546 517 590 568 si
641 519 788 571 mitis
835 519 1222 583 obtrectantur,
1266 527 1582 589 pervertunt
1638 528 1699 573 ut
1748 521 1918 574 virtus
1969 522 2024 574 in
2068 523 2279 593 culpam

278 611 450 666 exeat,
496 603 540 654 si
580 604 743 657 fuerit
791 605 1059 675 ambigua,
1111 604 1429 657 deteriorem
1478 605 1900 675 interpretantur
1947 608 2002 659 in
2051 615 2277 677 partem,

275 687 489 740 laudem
515 708 642 742 vero
663 692 889 760 justitiae
930 698 1243 744 meruerunt
1281 691 1348 743 ab
1392 691 1576 761 iniquo
1618 692 1857 758 domino,
1883 694 2005 764 quia
2031 695 2097 746 de
2123 694 2277 746 malis

277 773 481 825 meritis
521 793 632 826 non
672 776 974 839 remittunt,
1010 775 1285 845 quippiam
1313 775 1508 827 dicitur
1532 785 1712 828 tamen
1739 778 1883 846 quod
1910 778 1955 829 si
1980 778 2275 847 respiciun-

277 866 366 908 tur
405 877 435 909 a
475 861 881 913 transeuntibus
926 861 1069 929 rigor
1109 878 1295 912 eorum
1330 860 1479 911 velut
1502 860 1797 913 incantatio
1835 862 1991 930 perit.
2067 861 2125 914 Si
2163 880 2273 914 non

275 942 447 1011 culpis
491 943 775 1009 inhaerent,
819 953 875 997 et
917 944 1197 996 malefacta
1236 944 1524 1008 trutinant,
1569 952 1624 996 et
1664 953 1917 1010 mactant,
1951 954 2007 999 et
2041 946 2274 1015 perdunt

273 1027 434 1092 bona,
459 1029 763 1097 praeterlabi
788 1030 1138 1099 compellunt,
1165 1028 1419 1098 Ditisque
1443 1028 1659 1097 placant
1693 1030 2032 1099 tyrannidem
2069 1031 2274 1083 offensa

278 1114 414 1178 Dei3
458 1115 788 1168 excusabiles
834 1124 1016 1168 tamen
1067 1115 1402 1184 aliquatenus
1463 1122 1591 1166 sunt
1632 1113 1723 1166 isti
1760 1115 1991 1183 judiceS,
2032 1116 2123 1185 qui
2173 1116 2274 1168 diri

275 1199 533 1269 principis
590 1201 870 1252 imitantur
921 1200 1173 1270 argutias,
1251 1198 1535 1251 Habemus
1587 1208 1643 1251 et
1697 1218 1797 1252 nos
1859 1218 2108 1253 censores
2171 1200 2272 1253 sub

276 1284 617 1336 serenissimo
650 1285 849 1354 judice,
887 1303 1117 1354 quorum
1149 1283 1416 1353 justitiam
1455 1283 1661 1335 domini
1698 1284 1782 1335 sui
1813 1284 2024 1353 justitia
2073 1303 2273 1338 remor-

276 1371 384 1433 det,
424 1370 548 1438 quia
592 1371 758 1438 jurati
808 1389 985 1423 coram
1035 1371 1155 1439 ipso
1206 1370 1350 1439 quod
1401 1369 1650 1438 aequitate
1703 1379 1910 1423 servata
1958 1371 2272 1435 censebunt,

276 1468 339 1509 ut
396 1457 640 1526 praedicti
690 1466 800 1510 tres
852 1458 1100 1510 Plutonis
1145 1457 1318 1526 arguti
1379 1457 1608 1526 judices.
1720 1457 1778 1510 Si
1826 1459 2120 1526 respexerit
2179 1476 2271 1510 eos

274 1567 417 1612 reUS,
449 1549 632 1618 justus
670 1557 786 1614 est3
828 1550 871 1601 si
897 1568 1009 1602 non
1034 1549 1331 1619 respexerit
1362 1550 1562 1618 justuS,
1588 1567 1713 1601 reus
1748 1557 1846 1602 est.
1926 1550 2048 1602 Hoc
2091 1559 2271 1602 autem

273 1641 536 1710 respicere
585 1642 841 1710 glosatur,
894 1660 1042 1694 more
1093 1641 1297 1693 domini
1347 1659 1518 1710 papae,
1569 1641 1661 1710 qui
1710 1641 1858 1706 dicit,
1900 1659 1999 1694 nec
2047 1641 2104 1693 in
2154 1659 2273 1711 per-

277 1744 409 1777 sona
457 1727 674 1796 propria
722 1745 897 1796 neque
944 1746 1043 1796 per
1091 1727 1346 1779 nuncium
1387 1726 1625 1778 visitavit
1668 1744 1767 1778 nos
1808 1744 1981 1795 neque
2022 1726 2273 1796 respexit,

274 1811 330 1862 id
375 1819 460 1863 est
499 1830 610 1863 non
656 1812 821 1863 dedit.
900 1812 977 1864 Hi
1022 1821 1193 1864 sortes
1237 1812 1294 1863 in
1338 1830 1502 1863 unam
1545 1811 1758 1863 mittere
1782 1811 2051 1876 videntur,
2076 1811 2132 1862 id
2173 1819 2272 1875 est,

276 1913 555 1947 causarum
617 1914 773 1948 casus
832 1896 888 1947 in
944 1897 1300 1957 involucrum,
1347 1895 1699 1948 obvolventes
1742 1896 2021 1949 calumniis
2061 1897 2273 1961 idiotas,

275 1981 520 2034 districto
547 1982 731 2051 culpas
758 1982 1003 2034 examine
1030 1990 1332 2046 censenteS,
1358 1999 1582 2050 quarum
1601 1981 1747 2033 nulla
1765 1982 1976 2035 veniam
1996 1983 2275 2051 consequi-

275 2078 381 2132 tur,
407 2068 511 2120 nisi
538 2086 635 2137 pro
663 2087 767 2137 qua
805 2076 976 2120 mater
1019 2087 1109 2121 ore
1147 2076 1335 2137 rugato
1379 2067 1616 2136 loquitur
1652 2067 1829 2120 bursa.
1906 2068 2042 2120 Haec
2066 2076 2149 2121 est
2186 2069 2275 2120 illa

276 2161 592 2207 cunctorum
632 2154 777 2215 hera,
804 2172 924 2222 quae
969 2154 1153 2222 culpas
1195 2152 1441 2221 ignoscit,
1480 2152 1741 2220 justificat
1782 2153 2027 2222 impium,
2068 2162 2123 2205 et
2163 2172 2274 2205 non

275 2239 394 2291 vult
419 2246 649 2290 mortem
677 2247 1039 2307 peccatorum,
1066 2256 1165 2290 nec
1192 2238 1306 2289 sine
1333 2255 1492 2288 causa
1518 2236 1662 2305 ejicit
1686 2237 1989 2289 venientem
2017 2238 2083 2288 ad
2111 2256 2183 2301 se,

820 2358 1067 2409 Stabilisque
1087 2369 1252 2396 manens
1273 2356 1342 2395 dat
1362 2359 1508 2395 cuncta
1527 2354 1722 2394 moveri.*

275 2456 456 2506 Locus
483 2463 664 2508 tamen
690 2455 882 2507 unicus
909 2463 994 2507 est
1014 2454 1336 2506 scaccarium
1355 2453 1411 2504 in
1434 2471 1541 2522 quo
1563 2470 1670 2504 non
1693 2460 1775 2504 est
1795 2452 2127 2515 miraculosa,
2147 2471 2271 2504 nam

275 2557 488 2608 semper
525 2539 662 2609 justi
695 2539 833 2607 regis
867 2539 1054 2591 oculus
1079 2538 1155 2590 ibi
1179 2537 1534 2590 videturesse
1560 2553 1762 2589 recens,
1839 2536 2001 2588 Unde
2026 2553 2148 2587 cum
2174 2554 2271 2605 ego

276 2625 444 2677 semel
468 2625 544 2676 ibi
572 2625 837 2694 judicium
864 2623 1136 2676 audissem
1157 2622 1601 2692 compendiosum
1622 2629 1675 2673 et
1694 2621 1903 2690 justum
1929 2628 2115 2672 contra
2140 2620 2272 2672 divi-

275 2719 388 2764 tem
408 2729 506 2780 pro
527 2728 780 2779 paupere,
802 2710 914 2761 dixi
935 2708 1155 2761 domino
1177 2707 1447 2759 Randulfo
1466 2724 1677 2758 summo
1697 2706 1919 2774 judici,†
1946 2709 1981 2734 “
1998 2704 2138 2756 Cum
2157 2705 2273 2774 jus-

274 2796 393 2848 titia
435 2795 686 2865 pauperis
732 2795 914 2846 multis
956 2801 1145 2863 posset
1189 2790 1516 2844 diverticulis
1553 2790 1843 2859 prorogari,
1881 2789 2020 2841 felici
2051 2789 2273 2858 coelique

270 2881 476 2951 judicio
494 2888 819 2933 consecutus
837 2898 893 2932 es
914 2879 1087 2932 eam.''
1148 2878 1290 2929 Tum
1311 2875 1632 2938 Randulqu,
1659 2878 1694 2903 “
1715 2874 1873 2927 Certe
1893 2893 1993 2926 nos
2012 2873 2099 2925 hic
2117 2874 2274 2942 longe

275 2966 513 3019 velocius
541 2985 727 3018 causas
749 2965 1064 3029 decidimUS,
1091 2983 1251 3033 quam
1271 2963 1327 3014 in
1347 2960 1584 3014 ecclesiis
1605 2959 1842 3029 episcopi
1862 2959 2078 3012 vestri.''
2133 2959 2272 3009 Tum

277 3069 394 3119 eg0,
414 3054 449 3079 ‘⁶'
468 3050 674 3102 Verum
691 3058 774 3102 est
791 3071 806 3114 3
834 3049 929 3102 sed
950 3048 992 3100 si
1013 3066 1108 3101 rex
1124 3055 1308 3100 noster
1328 3053 1437 3098 tam
1458 3051 1696 3096 remotus
1718 3051 1860 3096 esset
1879 3062 1909 3095 a
1928 3042 2099 3107 vobiS,
2115 3060 2274 3111 quam

278 3135 344 3188 ab
372 3136 640 3205 episcopis
668 3143 752 3187 est
776 3153 935 3204 papa,
962 3152 1059 3186 vos
1086 3151 1236 3202 aeque
1260 3132 1436 3184 lentos
1465 3129 1790 3182 crederem.”
1841 3129 1966 3198 Ipse
1990 3145 2117 3180 vero
2143 3126 2279 3191 risit,

331 3269 356 3293 *²
386 3268 582 3307 Boethius
617 3269 666 3309 de
698 3267 911 3307 Consolat.
951 3266 1057 3306 Phil.
1095 3266 1167 3304 lib.
1196 3266 1254 3304 iii.
1366 3266 1397 3309 †
1427 3261 1582 3302 Ranulf
1597 3262 1646 3301 de
1666 3261 1884 3309 Glanville,
1902 3260 1992 3299 who
2014 3259 2108 3299 held
2126 3259 2196 3298 the
2215 3259 2276 3299 of-

278 3341 396 3376 metr.
418 3337 474 3375 ix.
496 3337 524 3375 l.
547 3337 585 3375 3.
1313 3333 1387 3370 fiee
1406 3331 1451 3370 of
1467 3330 1576 3370 chief
1588 3329 1799 3380 justiciary
1817 3343 1826 3375 ;
1857 3340 1923 3367 see
1941 3327 2095 3374 before,
2118 3339 2157 3378 p.
2177 3329 2216 3366 8.

355 3422 545 3457 OAMD.
588 3422 712 3457 soc.
1896 3403 1927 3446 2
1971 3413 1990 3446 1
