2638 3860
415 319 517 371 cap.
538 318 631 369 xii.]
1012 319 1090 354 DE
1134 319 1316 355 Nums
1358 319 1733 356 cURIALmM.
2305 314 2368 359 81

367 445 570 497 vicinos
598 453 653 498 et
678 454 914 497 remotos
940 445 1167 510 nobileS,
1194 453 1249 498 et
1274 444 1622 500 multitudine
1648 454 1967 518 congregata
2003 448 2213 502 solenni
2253 469 2374 503 eam

364 531 466 583 sibi
483 531 1038 601 matrimoniojunxit.
1093 532 1374 601 Regnabat
1392 533 1449 584 in
1466 534 1554 585 illa
1573 541 1894 604 tempestate
1911 534 2219 588 Willelmus
2237 537 2373 589 Bas-

363 618 567 682 tardUS,
594 627 725 670 tunc
750 636 925 670 novus
950 618 1159 687 Angliae
1175 637 1286 683 reX,
1308 619 1400 688 qui
1418 627 1732 688 portentum
1752 620 1856 672 hoc
1882 620 2123 685 audienS‚
2144 622 2372 691 probare

362 704 586 772 cupiens
613 712 668 756 et
693 703 825 756 scire
851 704 1028 772 palam
1054 723 1123 756 an
1149 723 1337 757 verum
1364 713 1525 770 esset,
1549 713 1839 775 utrumque
1864 707 2077 759 vocavit
2113 716 2176 760 ut
2207 708 2371 760 simul

360 791 609 843 venirent
634 791 964 855 LondoniaS,
984 799 1355 861 veneruntque
1375 792 1534 844 multi
1553 811 1677 845 cum
1698 792 1774 844 eis
1794 800 1979 859 testeS,
1999 801 2055 847 et
2074 794 2370 848 multorum

362 877 673 929 testimonia
714 878 805 947 qui
837 878 1024 930 adesse
1057 895 1169 929 non
1209 885 1478 947 poterant,
1517 886 1574 931 et
1606 879 1903 931 maximum
1936 888 2052 933 erat
2089 881 2365 933 fatalitatis

360 972 736 1032 argumentum
762 964 936 1016 invisa
960 963 1109 1033 prius
1137 971 1190 1016 et
1222 964 1464 1016 inaudita
1496 964 1700 1034 species
1735 965 1991 1032 mulieriS,
2022 974 2078 1020 et
2103 986 2226 1020 cum
2254 975 2369 1020 stu-

359 1067 491 1118 pore
527 1050 771 1102 omnium
795 1049 1006 1102 remissi
1037 1057 1166 1101 sunt
1195 1050 1263 1100 ad
1288 1049 1523 1120 propria.
1600 1050 1846 1120 Contigit
1869 1054 2221 1121 postmodum
2245 1055 2366 1124 plu—

359 1135 510 1187 rimis
537 1136 795 1188 revolutis
821 1136 975 1187 annis
1011 1136 1157 1205 quod
1183 1136 1415 1189 Edricus
1445 1144 1647 1189 venatu
1680 1155 1947 1201 reversuS,
1981 1138 2118 1191 circa
2148 1140 2364 1193 tertiam

359 1221 534 1273 noctis
559 1222 747 1274 horam
776 1221 1057 1290 quaesitam
1083 1239 1202 1273 eam
1227 1240 1340 1274 non
1365 1221 1681 1285 invenisset,
1706 1223 1918 1276 vocavit
1943 1242 2062 1276 eam
2102 1233 2157 1278 et
2185 1228 2366 1279 vocari

351 1305 532 1373 jussit,
552 1306 807 1375 tardeque
827 1305 1135 1359 venientem
1151 1305 1318 1358 iratus
1338 1307 1556 1360 intuens
1574 1308 1666 1372 ait,
1693 1312 1730 1338 “
1749 1309 2014 1379 Nunquid
2034 1329 2064 1361 a
2091 1311 2364 1363 sororibus

350 1393 458 1444 tuis
476 1400 588 1444 tam
615 1392 708 1444 diu
734 1393 952 1444 detenta
972 1393 1112 1445 es?”
1139 1400 1195 1445 et
1220 1402 1411 1446 caetera
1430 1395 1606 1464 jurgia
1637 1395 1765 1448 fecit
1794 1396 1852 1447 in
1886 1415 2083 1462 aerem,
2114 1416 2241 1449 nam
2274 1398 2365 1450 illa

356 1479 628 1531 sororibus
655 1479 851 1530 auditis
893 1479 1173 1548 disparuit.
1250 1480 1510 1533 Poenituit
1540 1499 1664 1550 ergo
1689 1482 1944 1551 juvenem
1973 1501 2226 1535 excessus
2252 1492 2364 1536 tam

358 1565 593 1616 enormis
637 1572 693 1617 et
737 1566 1002 1630 damnosi,
1035 1566 1322 1636 locumque
1367 1567 1506 1636 petit
1555 1567 1697 1619 unde
1736 1575 1953 1638 raptum
1999 1569 2214 1633 fecerat,
2267 1571 2363 1622 sed

357 1650 519 1702 nullis
550 1669 668 1702 eam
705 1651 942 1715 fletibus,
979 1651 1141 1703 nullis
1168 1652 1474 1721 ejulatibuS,
1510 1671 1759 1706 revocare
1802 1654 2002 1723 potuit.
2080 1655 2364 1708 Clamabat

358 1754 456 1805 per
476 1736 616 1787 diem
638 1745 693 1788 et
718 1745 953 1802 noctem,
981 1739 1074 1791 sed
1101 1739 1170 1789 ad
1194 1737 1558 1808 insipientiam
1587 1738 1710 1803 sibi,
1736 1758 1863 1791 nam
1887 1739 1999 1792 vita
2025 1741 2143 1810 ejus
2169 1741 2245 1793 ibi
2272 1742 2364 1794 de—

353 1821 480 1874 fecit
499 1821 554 1873 in
576 1823 758 1875 dolore
778 1823 1054 1876 continuo.
1132 1824 1373 1894 Reliquit
1398 1832 1579 1877 autem
1603 1825 1874 1877 haeredem
1910 1825 2081 1878 filium
2119 1846 2278 1879 suum
2309 1836 2364 1880 et

350 1907 494 1958 illius
532 1925 630 1976 pro
666 1927 772 1977 qua
806 1908 1053 1973 decessit,
1090 1909 1388 1974 Alnodum,
1418 1909 1596 1963 virum
1626 1929 1834 1980 magnae
1870 1912 2171 1964 sanctitatis
2198 1922 2253 1965 et
2279 1932 2365 1966 sa-

353 1991 588 2062 pientiae,
615 1993 707 2061 qui
733 2011 856 2045 cum
882 2000 1026 2047 esset
1052 1993 1444 2063 aliquantulum
1471 2003 1759 2064 provectus
1787 1996 1986 2049 decidit
2010 1997 2067 2049 in
2087 1999 2362 2067 paralisim

354 2087 409 2132 et
434 2087 721 2130 tremorem
749 2079 938 2148 capitis
965 2087 1019 2131 et
1043 2080 1431 2146 membrorum,
1458 2082 1550 2150 qui
1587 2100 1711 2133 cum
1743 2082 1995 2135 omnibus
2031 2084 2252 2137 medicis
2279 2085 2362 2138 in-

354 2165 602 2218 curabilis
628 2164 918 2229 videretur,
957 2184 987 2217 a
1019 2165 1147 2218 viris
1179 2166 1422 2218 discretis
1454 2168 1660 2237 accepit
1699 2169 1950 2237 quatinus
1984 2170 2051 2221 ad
2083 2171 2360 2239 apostolos

355 2253 578 2304 Petrum
621 2258 677 2302 et
721 2250 948 2302 Paulum
993 2252 1481 2321 quomodocunque
1524 2261 1711 2322 posset
1754 2272 2040 2323 properare
2093 2263 2358 2324 satageret

354 2337 637 2390 sanitatem
702 2354 801 2405 pro
867 2343 1012 2389 certo
1081 2345 1418 2406 accepturuS,
1479 2338 1575 2390 ubi
1630 2357 1854 2408 corpora
1916 2358 2106 2391 eorum
2165 2342 2357 2393 Romae

352 2424 556 2476 scilicet
581 2422 791 2491 sepulta
817 2429 962 2474 sunt.
1021 2421 1233 2475 Quibus
1266 2423 1355 2475 ille
1381 2424 1663 2493 respondit
1689 2443 1746 2476 se
1772 2444 2040 2494 nusquam
2068 2426 2271 2479 iturum
2295 2428 2355 2479 in

347 2509 599 2580 injuriam
627 2508 797 2560 sancti
823 2507 1098 2578 Epelberti
1124 2509 1262 2578 regis
1289 2517 1344 2562 et
1371 2510 1634 2580 martyriS,
1671 2511 1825 2580 cujus
1852 2510 1969 2580 ipse
1995 2512 2353 2580 parochianus

351 2604 480 2660 erat,
507 2602 794 2664 antequam
820 2594 926 2664 ipsi
942 2602 1374 2663 praesentaretur,
1401 2604 1455 2648 et
1471 2615 1527 2648 se
1555 2596 1748 2648 deferri
1768 2597 1895 2649 fecit
1923 2597 2354 2664 Herefordiam,*

347 2682 443 2735 ubi
467 2689 626 2734 nocte
652 2680 825 2750 prima
851 2698 1029 2732 coram
1055 2681 1208 2733 altari
1244 2682 1487 2752 praedicti
1524 2682 1774 2752 martyris
1806 2683 2047 2753 pristinae
2079 2685 2235 2736 datus
2269 2693 2354 2737 est

351 2767 583 2832 sanitati,
611 2775 665 2819 et
690 2786 813 2819 cum
839 2767 1130 2836 gratiarum
1155 2767 1365 2820 actione
1392 2769 1614 2821 donavit
1650 2769 1707 2820 in
1731 2777 2046 2839 perpetuam
2075 2770 2353 2823 eleemosi-

347 2873 473 2906 nam
493 2854 613 2905 Deo
630 2861 686 2905 et
698 2853 870 2905 beatae
886 2853 1078 2922 virgini
1099 2861 1154 2907 et
1179 2862 1365 2907 sancto
1385 2854 1496 2924 regi
1515 2855 1808 2908 Edelberto
1829 2855 2157 2908 Ledibiriam
2178 2875 2351 2922 suam,

347 2959 466 3010 quae
503 2939 561 2990 in
586 2938 741 2990 terris
766 2939 978 2992 Walliae
1006 2940 1107 2992 sita
1132 2949 1234 3005 est,
1260 2959 1384 2993 cum
1410 2940 1662 2993 omnibus
1696 2941 2033 3011 pertinentiis
2073 2942 2202 3007 suiS,
2229 2962 2350 3012 quae

347 3025 521 3078 adhuc
536 3024 752 3076 nuncin
770 3024 1009 3077 dominio
1021 3025 1260 3096 episcopi
1278 3026 1692 3079 Herefordensis
1709 3034 1808 3091 est,
1818 3027 2114 3098 diciturque
2131 3028 2350 3098 triginta

399 3173 424 3196 *²
454 3172 515 3211 St.
554 3172 773 3212 Ethelbert
811 3184 891 3211 was
927 3172 1072 3211 buried
1105 3177 1149 3212 at
1182 3173 1315 3213 Here·
1371 3178 1486 3225 great
1517 3176 1756 3216 veneration
1787 3189 1938 3228 among
1955 3177 2027 3216 the
2055 3177 2190 3217 Saxon
2208 3190 2344 3230 popu-

346 3241 455 3288 ford,
491 3240 571 3279 and
607 3240 677 3279 the
716 3239 924 3279 cathedral
962 3240 1096 3280 raised
1129 3253 1225 3280 over
1252 3241 1316 3280 his
1371 3242 1502 3282 lation
1521 3243 1568 3282 of
1582 3255 1658 3282 our
1670 3243 1816 3293 island,
1838 3245 1919 3284 and
1942 3246 2150 3286 remained
2178 3258 2224 3287 so
2245 3246 2344 3297 long

345 3321 480 3359 grave.
558 3309 637 3348 His
676 3308 813 3349 shrine
861 3321 942 3348 was
989 3320 1042 3348 an
1092 3309 1227 3360 object
1274 3309 1322 3349 of
1371 3310 1475 3354 after
1492 3311 1563 3352 the
1583 3311 1765 3353 Norman
1786 3317 1998 3365 conquest.

420 3394 608 3429 CAMD.
637 3394 760 3430 SOC.
1357 3396 1402 3429 M
