2638 3860
353 403 451 448 158
1022 416 1025 418 ·
1059 407 1369 444 GUALTEM
1410 406 1610 440 MAPEs
2008 407 2301 458 [Distinc.1V.

348 570 465 602 rum
522 550 757 602 omnium
778 569 793 613 3
832 548 973 598 unde
1001 546 1140 598 sicut
1165 554 1224 597 tu
1252 545 1418 597 solem
1447 564 1477 595 a
1503 544 1588 595 die
1615 544 1790 596 media
1816 545 2196 597 descensurum
2226 547 2329 598 scis

347 645 401 688 et
437 636 503 687 ad
543 635 760 686 occidua
795 640 1102 701 vergentem
1147 630 1442 700 cognosciS,
1469 630 1764 697 horamque
1793 629 1877 680 sui
1904 639 2059 682 notas
2089 649 2326 696 occasus,

347 720 420 771 sic
457 737 555 769 nos
581 717 757 768 fallere
783 735 891 767 non
920 724 1097 784 potest
1122 715 1243 766 finis
1271 732 1469 766 eversae
1509 714 1681 765 carnis
1707 712 1793 764 vel
1831 713 1898 763 ad
1942 715 2149 765 ruinam
2190 733 2326 784 prae-

341 813 552 874 paratae.
629 804 825 855 Sumus
851 811 1030 854 autem
1074 820 1140 854 ex
1183 802 1282 852 hac
1327 800 1548 853 scientia
1586 809 1875 867 nostraque
1913 803 2326 854 mansuetudine

340 890 468 942 boni
489 888 694 940 consilii
715 888 1012 957 magnique,
1030 906 1150 939 cum
1170 886 1434 956 permittit
1460 885 1750 948 Dominus,
1767 884 1962 935 auxilii.
2042 885 2188 939 Quid
2210 905 2325 938 mo-

340 975 468 1028 raris
495 981 585 1024 aut
609 973 824 1024 haesitas
847 974 863 1023 ?
944 973 1023 1024 Ut
1051 972 1187 1024 scias
1215 972 1359 1041 quod
1385 990 1494 1023 non
1523 971 1782 1022 scelerose
1802 970 1887 1022 vel
1903 970 2187 1022 crudeliter
2205 990 2326 1040 aga-

339 1080 476 1125 mUS,
502 1078 664 1110 unam
691 1059 811 1110 audi
856 1059 900 1110 si
941 1059 1115 1127 placet
1139 1058 1417 1121 ultionem,
1445 1075 1548 1125 qua
1573 1057 1734 1108 frater
1759 1074 1911 1107 meus
1940 1056 2241 1126 Morpheus
2267 1058 2325 1109 in

338 1145 659 1198 monachum
706 1144 1102 1209 animadvertit,
1142 1162 1300 1212 quam
1345 1162 1444 1194 nos
1495 1142 1762 1194 crudelem
1804 1141 2049 1194 dicimus.
2146 1142 2326 1194 Pictor

335 1239 446 1283 erat
472 1231 782 1294 monachus,
818 1238 873 1282 et
900 1230 982 1281 sui
1009 1230 1226 1281 sacrista
1258 1228 1584 1281 monasterii.
1663 1227 1930 1281 Quotiens
1973 1236 2152 1279 autem
2194 1247 2322 1280 con-

336 1316 574 1386 tingebat
621 1317 943 1368 monachum
1011 1315 1287 1368 nocturnis
1350 1314 1822 1384 imaginationibus
1885 1315 2063 1366 vexati
2125 1314 2320 1383 quibus

334 1421 563 1473 praeesse
602 1404 930 1472 Morpheum
958 1402 1173 1466 sciebat,
1198 1402 1253 1453 in
1278 1402 1456 1471 ipsum
1486 1401 1665 1453 omnia
1691 1400 2012 1470 congerebat
2036 1401 2321 1453 maledicta

334 1506 561 1557 cumque
596 1487 822 1539 dabatur
859 1487 1232 1556 opportunitas
1278 1495 1332 1539 et
1366 1487 1792 1555 quandocunque
1817 1486 2128 1555 parietibUS‚
2155 1487 2314 1538 corti-

331 1572 432 1636 niS,
457 1572 721 1636 fenestriS,
747 1572 927 1623 vitreis
955 1572 1133 1641 ipsum
1162 1571 1607 1640 defiguratissime
1644 1570 1916 1639 pingebat,
1944 1579 1999 1622 et
2038 1571 2315 1624 fidissime.

334 1657 511 1711 Quem
537 1674 634 1725 per
659 1656 904 1725 sompnia
937 1657 1241 1724 frequenter
1265 1656 1578 1707 hortabatur
1604 1665 1658 1708 et
1683 1656 1989 1708 exorabat*
2018 1657 2319 1725 Morpheus
2378 1707 2383 1712 .

331 1761 398 1795 ne
441 1761 725 1811 personam
766 1761 917 1793 suam
963 1742 1339 1794 devenustaret
1379 1742 1445 1793 ad
1489 1749 1700 1793 tantum
1740 1743 1928 1811 populi
1970 1743 2221 1806 derisum,
2260 1750 2316 1795 et

332 1830 546 1881 tandem
585 1847 707 1880 eum
749 1827 1047 1879 ammonuit
1086 1827 1342 1879 desistere
1395 1827 1494 1879 sub
1539 1828 1978 1880 interminatione
2020 1828 2314 1879 consimilis

321 1915 558 1983 jacturae.
634 1913 936 1964 Monachus
974 1920 1153 1964 autem
1193 1914 1364 1964 minas
1404 1922 1458 1965 et
1495 1931 1680 1982 preces
1707 1921 1762 1965 et
1787 1914 1995 1965 somnia
2030 1913 2314 1983 parvipen-

331 1999 482 2062 dens,
519 2016 625 2048 non
672 1997 893 2050 abstitit.
970 1998 1269 2067 Morpheus
1309 1998 1471 2067 igitur
1495 1999 1772 2050 nocturnis
1800 1998 2225 2067 apparitionibus
2251 1999 2312 2049 il-

326 2083 431 2134 lius
464 2083 670 2135 viciniae
687 2084 813 2135 viris
840 2084 1057 2152 optimis
1083 2084 1349 2153 persuasit
1374 2084 1530 2136 xenia
1556 2085 1820 2136 monacho
1848 2085 2080 2149 mittere,
2105 2087 2312 2150 vinum,

329 2187 492 2233 escas,
504 2176 798 2236 argentum,
819 2188 1023 2234 aurum,
1042 2170 1288 2234 annulOS‚
1304 2170 1552 2222 nebrides
1580 2190 1610 2222 a
1636 2170 1842 2222 sinibus
1863 2190 2092 2222 uxorum
2113 2179 2312 2240 raptas,

323 2253 529 2305 homini
556 2254 754 2306 scilicet
771 2255 826 2305 in
853 2255 936 2306 his
975 2273 1092 2323 quae
1129 2255 1402 2324 pertinent
1444 2257 1511 2307 ad
1555 2257 1778 2308 Domini
1818 2257 2137 2308 famulatum
2162 2256 2311 2308 labo-

321 2339 459 2390 ranti
504 2341 696 2407 saepius
736 2348 994 2410 occupato
1037 2359 1104 2392 ne
1147 2342 1321 2410 possit
1361 2342 1562 2409 epulari
1601 2361 1723 2394 cum
1765 2343 2034 2408 fratribus,
2061 2351 2308 2395 ornatum

323 2424 582 2488 altarium,
608 2426 856 2490 vestium,
881 2426 1138 2478 librorum
1164 2427 1490 2495 procuranti,
1518 2446 1729 2497 semper
1755 2436 1847 2479 aut
1865 2428 2038 2480 oranti
2053 2447 2151 2497 pro
2177 2429 2309 2481 fide-

323 2509 479 2573 libus,
507 2511 657 2579 quasi
684 2511 920 2563 dicerent
944 2531 1012 2564 ne
1055 2512 1141 2564 vel
1176 2512 1232 2562 in
1258 2501 1577 2564 victualibus
1605 2513 1816 2565 deficiat
1843 2515 2008 2566 homo
2034 2521 2201 2566 tantae
2226 2532 2309 2566 re-

324 2592 532 2661 ligionis
574 2595 660 2646 vel
701 2595 782 2646 vir
818 2603 1088 2647 tantarum
1144 2596 1338 2647 artium
1381 2596 1434 2647 in
1477 2598 1828 2664 gerendarum
1866 2598 2087 2650 materia
2129 2617 2310 2650 rerum

324 2677 517 2730 sentiat
535 2678 790 2747 inopiam.
866 2679 1240 2749 Impinguatus
1266 2681 1427 2749 igitur
1451 2681 1507 2732 in
1532 2681 1683 2732 brevi
1708 2682 2022 2746 monachus,
2048 2682 2308 2733 incrassa-

320 2770 426 2827 tuS,
454 2762 720 2827 dilatatus,
746 2764 1111 2828 recalcitravit,
1152 2772 1206 2815 et
1244 2765 1495 2833 ignorans
1534 2783 1640 2834 quo
1668 2765 1950 2818 duceretur
1975 2785 2006 2817 a
2031 2766 2251 2831 deliciis,
2278 2786 2308 2818 a

374 2902 397 2924 ²¹²
427 2903 526 2941 This
545 2903 579 2942 is
599 2916 622 2941 a
641 2904 814 2954 popular
835 2904 1032 2943 medieval
1053 2908 1179 2956 story.
1239 2905 1280 2944 It
1335 2918 1358 2944 a
1376 2906 1510 2944 ballad
1539 2906 1594 2958 by
1629 2907 1828 2958 Southey,
1862 2907 2034 2946 entitled
2068 2909 2151 2946 The
2180 2909 2311 2948 Pious

321 2972 444 3009 forms
476 2972 546 3009 the
580 2972 737 3021 subject
767 2972 814 3010 of
851 2985 875 3010 a
907 2972 1066 3011 French
1099 2974 1281 3012 metrical
1336 2974 1524 3013 Painter.
1593 2975 1680 3013 The
1727 2975 1887 3014 French
1925 2976 2109 3014 metrical
2146 2977 2308 3016 version

322 3040 401 3076 tale
420 3039 635 3089 published
654 3040 697 3078 in
715 3041 785 3078 the
815 3040 1044 3079 Collection
1065 3041 1117 3092 by
1137 3042 1279 3089 Meon,
1338 3054 1476 3091 agrees
1513 3047 1621 3081 most
1654 3044 1803 3094 closely
1834 3044 1932 3082 with
1963 3044 2032 3082 the
2070 3048 2183 3095 story
2212 3045 2309 3084 here

321 3105 453 3144 Nouv.
484 3106 583 3145 Rec.
612 3108 656 3146 ii.
687 3121 730 3158 p.
750 3111 844 3146 411.
901 3108 1101 3159 Compare
1138 3109 1222 3148 also
1260 3123 1284 3148 a
1339 3109 1425 3147 told
1443 3110 1498 3160 by
1518 3110 1692 3161 Mapes;
1724 3111 1803 3150 and
1821 3112 1923 3150 both
1943 3112 2059 3150 differ
2078 3112 2305 3162 altogether

321 3172 470 3211 fabliau
500 3174 555 3222 by
576 3174 793 3220 Rutebeuf,
815 3175 857 3213 in
888 3175 1094 3214 Jubinal’s
1125 3177 1279 3215 edition
1335 3178 1378 3216 in
1415 3178 1485 3216 the
1523 3179 1659 3229 sequel
1697 3178 1802 3218 from
1840 3181 1910 3218 the
1951 3193 2139 3219 common
2179 3179 2304 3218 Latin

321 3239 367 3277 of
390 3239 452 3277 his
481 3241 625 3288 works,
655 3243 683 3280 i.
714 3243 808 3281 302.
865 3243 953 3281 The
982 3256 1169 3282 common
1199 3244 1278 3283 La-
1334 3250 1460 3296 story,
1492 3246 1624 3284 which
1656 3246 1813 3286 formed
1845 3247 1915 3286 the
1944 3247 2222 3298 groundwork
2262 3247 2311 3286 of

321 3306 382 3343 tin
415 3307 572 3344 version
603 3308 637 3345 is
666 3309 785 3358 given
818 3309 860 3347 in
891 3322 958 3360 my
1002 3311 1206 3350 Selection
1238 3312 1284 3350 of
1336 3313 1550 3365 Southey’s
1568 3314 1717 3353 ballad.

321 3373 441 3411 Latin
481 3374 647 3422 Stories,
670 3389 710 3426 p.
735 3378 801 3414 34.
858 3377 897 3415 It
917 3378 950 3416 is
971 3378 1039 3417 the
1060 3379 1215 3428 subject
1236 3380 1283 3418 of
