2638 3860
401 403 499 450 128
1112 407 1422 443 GUALTER1
1464 406 1548 440 MA
1559 406 1662 440 PEs
2046 406 2245 455 [Distinc.
2269 405 2353 444 111.

396 554 626 607 Miratur
651 550 827 602 Ninus
854 556 908 600 et
934 547 1095 611 dolet,
1139 554 1193 599 et
1234 546 1479 598 sciscitur
1522 544 1650 613 quid
1674 544 1807 596 haec.
1885 537 1984 596 Ille
2005 536 2261 614 ‘stupidus
2310 545 2380 596 ob

396 635 771 692 verecundiam
798 633 932 684 silet.
1009 632 1274 683 Secretius
1300 630 1462 700 igitur
1487 631 1680 681 affatur
1705 647 1799 680 rex
1827 628 2059 693 Parium,
2088 630 2188 682 sub
2215 630 2381 681 inter-

393 721 680 775 minatione
729 736 853 770 vera
901 717 1052 768 fateri
1095 717 1265 785 jubet.
1344 717 1441 767 Ille
1481 715 1724 784 proditor
1768 714 1998 782 pedibus
2049 715 2164 783 ejus
2215 715 2382 767 advo-

391 808 533 858 lutus
576 804 786 856 veniam
825 802 928 853 hiis
965 802 1142 854 verbis
1181 810 1397 854 exorat:
1476 805 1510 830 ‘⁶
1533 800 1860 869 Propitietur
1901 800 2032 850 mihi
2073 800 2378 851 clementis-

392 891 555 942 simus
596 907 706 952 rex,
748 906 815 939 ne
853 887 977 937 fiam
1016 895 1291 938 accusator
1335 894 1389 938 et
1431 903 1590 937 causa
1627 883 1815 935 mortis
1854 901 2021 952 puero
2059 902 2218 952 quem
2246 903 2378 936 enu-

389 976 510 1028 trivi
559 982 611 1025 et
655 992 812 1042 quem
853 973 1012 1024 unico
1070 990 1279 1041 semper
1321 972 1459 1023 sicut
1501 979 1708 1040 patrem
1768 970 1883 1038 ejus
1936 970 2132 1020 affectu
2182 970 2378 1036 dilexi3

388 1061 608 1113 verbum
657 1066 835 1110 autem
879 1059 983 1109 hoc
1033 1077 1063 1108 a
1101 1057 1255 1108 vobis
1306 1056 1475 1125 ipsius
1526 1073 1704 1106 amore
1756 1054 1924 1106 nimio
1975 1054 2141 1106 celavi
2190 1056 2377 1120 fateor,

388 1162 700 1214 quacunque
742 1142 1082 1194 miseratione
1121 1142 1373 1193 delictum
1425 1142 1542 1210 ejus
1594 1141 1805 1193 veniam
1843 1139 2073 1204 habeat3
2131 1140 2234 1192 hoc
2278 1159 2377 1210 ego

388 1230 558 1282 merui
584 1236 812 1280 mortem
841 1228 1052 1279 silentio
1079 1235 1190 1278 tam
1216 1229 1394 1278 favore
1414 1226 1566 1295 pueri
1593 1246 1753 1296 quam
1782 1245 1898 1277 mea
1925 1226 2267 1294 simplicitate
2294 1245 2375 1279 se-

389 1316 598 1378 ductuS‚
625 1321 680 1364 et
705 1313 849 1381 quod
874 1330 960 1364 me
986 1331 1129 1363 nunc
1155 1312 1373 1363 flentem
1400 1319 1455 1363 et
1488 1311 1715 1363 invitum
1745 1310 1903 1362 fateri
1942 1310 2084 1379 cogit
2122 1311 2376 1363 dominus

387 1417 557 1463 meus,
597 1398 663 1449 ab
706 1399 825 1467 ipso
859 1398 950 1450 vix
987 1397 1256 1449 instantiis
1282 1397 1507 1448 infinitis
1535 1397 1753 1460 extorsi,
1780 1404 1834 1448 et
1858 1396 1914 1447 in
1942 1414 2048 1465 quo
2077 1396 2374 1449 certissime

386 1485 513 1537 novi
538 1484 864 1546 mendacem,
881 1483 1013 1534 mihi
1039 1490 1223 1534 contra
1249 1500 1421 1533 meam
1442 1481 1643 1549 juravit
1670 1481 1991 1533 sententiam
2020 1501 2076 1533 se
2103 1483 2298 1534 multas
2318 1483 2376 1534 in

388 1570 535 1621 cultu
572 1569 758 1638 capitis
800 1576 854 1619 et
894 1568 1076 1620 vultus
1109 1567 1238 1636 regii
1278 1585 1593 1636 perpessum
1634 1566 1926 1635 angustiaS,
1953 1574 2008 1618 et
2034 1586 2094 1618 os
2132 1576 2374 1619 vestrum

389 1655 531 1723 quod
557 1655 719 1706 odore
745 1653 1023 1722 praenobili
1060 1652 1235 1722 pomis
1262 1652 1462 1703 aestivis
1489 1659 1543 1704 et
1567 1651 1807 1703 balsamo
1835 1652 2037 1704 recenti
2074 1653 2375 1721 praecellere

385 1758 493 1790 non
520 1746 603 1790 est
628 1738 852 1790 dubium
881 1738 1104 1790 sentinae
1131 1737 1491 1806 comparavit3
1525 1737 1759 1789 moriens
1781 1745 1835 1789 et
1857 1746 2033 1789 morte
2053 1738 2245 1806 dignus
2271 1739 2376 1791 hoc

385 1824 589 1892 loquor.
666 1825 811 1875 Hinc
838 1831 920 1875 est
946 1825 1090 1892 quod
1116 1823 1392 1875 dominum
1420 1842 1601 1875 meum
1627 1831 1779 1875 tanto
1806 1824 1940 1875 vitat
1967 1824 2109 1888 odio,
2137 1825 2279 1892 quod
2307 1824 2375 1875 ab

386 1909 505 1978 ipso
532 1910 742 1961 vultum
768 1910 975 1973 avertit,
1003 1917 1164 1977 caput
1188 1910 1426 1974 inclinat,
1468 1928 1687 1960 manum
1713 1910 1792 1960 ori
1818 1910 2102 1978 praeponit,
2141 1911 2373 1962 declinat

388 1995 667 2063 alloquia.''
744 1995 878 2048 Quis
904 1995 1042 2046 hanc
1069 1995 1365 2047 discredere
1391 1995 1915 2047 verisimilitudinem
1941 1996 2154 2065 possit?
2233 1997 2378 2051 Quis-

386 2098 519 2147 puer
543 2099 652 2132 non
679 2081 880 2132 devitet
906 2081 1218 2132 dominum?
1297 2081 1434 2135 Quis
1462 2081 1712 2132 dominus
1739 2099 1850 2132 non
1877 2081 1972 2132 fiat
1999 2082 2370 2150 sanguinarius

385 2164 690 2217 innocenti?
755 2166 917 2220 Quod
933 2184 1168 2234 unquam
1186 2166 1451 2217 crudelius
1471 2166 1820 2217 adinventum
1841 2174 1928 2218 est
1954 2167 2129 2218 scelus
2150 2169 2166 2218 ?
2232 2167 2370 2221 Quae

384 2250 638 2318 nequiora
679 2251 765 2302 vel
790 2269 820 2301 a
845 2251 1040 2319 quibus
1076 2251 1373 2320 excogitata
1398 2252 1482 2303 vel
1508 2252 1687 2303 audita
1714 2261 1842 2303 sunt
1872 2255 2114 2304 venena?
2192 2253 2371 2306 Quam

385 2335 633 2404 utrinque
658 2336 830 2404 gravis
872 2344 926 2389 et
958 2355 1097 2388 saeva
1146 2336 1372 2388 seditio!
1414 2355 1573 2405 quam
1614 2337 1873 2405 pestilens
1918 2345 1973 2389 et
2014 2338 2243 2390 crudelis
2269 2339 2375 2390 ini-

383 2420 554 2488 quitas
609 2420 723 2471 haec
774 2428 857 2472 est
917 2420 973 2471 in
1024 2421 1185 2472 domo
1241 2421 1550 2472 daemonum
1592 2422 1789 2474 vestita
1839 2422 2220 2491 dupplicibus!
2295 2425 2372 2476 At

383 2513 524 2556 certe
550 2505 761 2557 timebit
796 2525 826 2557 a
862 2506 1144 2575 frigoribus
1170 2506 1327 2558 nivis.
1404 2507 1521 2558 Rex
1549 2506 1703 2558 Pario
1743 2507 2008 2571 credulus,
2029 2509 2141 2576 jam
2170 2508 2370 2560 amenti

383 2590 568 2650 similis
595 2591 817 2642 amatori
857 2610 954 2643 suo
997 2591 1060 2642 fit
1102 2591 1498 2656 immisericors,
1542 2599 1597 2643 et
1639 2610 1763 2644 cum
1802 2593 1872 2643 sit
1912 2592 2046 2644 irato
2086 2611 2209 2662 rege
2234 2594 2370 2645 nihil

376 2676 653 2740 immitius,
680 2677 858 2728 differt
883 2685 1063 2728 tamen
1089 2677 1349 2728 ultionem
1370 2677 1651 2747 experiens
1683 2697 1751 2729 an
1783 2678 1957 2746 possit
1982 2679 2240 2743 misereri,
2276 2698 2371 2731 cu-

378 2762 530 2830 piens
587 2763 753 2831 magis
807 2762 1045 2813 indultor
1089 2780 1206 2814 esse
1256 2781 1415 2830 quam
1468 2763 1630 2814 ultor.
1735 2764 1955 2815 Adsunt
1993 2764 2210 2817 interim
2254 2765 2369 2816 ludi

378 2847 622 2898 solennes
661 2847 824 2898 annui
862 2847 1091 2899 civitatis
1119 2846 1313 2916 quibus
1350 2847 1465 2915 ipse
1499 2865 1594 2898 rex
1619 2846 1881 2899 interesse
1920 2856 2151 2913 tenetur,
2180 2851 2369 2919 regali-

374 2930 476 2982 bus
514 2932 754 3001 insigniis
798 2941 853 2983 et
892 2932 1189 2984 diademate
1232 2932 1529 2996 redimitus,
1564 2932 1651 2984 vel
1687 2932 1743 2984 in
1794 2933 1997 2986 eisdem
2035 2935 2242 2987 festivis
2282 2954 2370 2988 or-

376 3017 588 3068 natibus
632 3018 844 3070 mittere
883 3019 973 3086 qui
997 3019 1169 3070 vicem
1197 3019 1313 3087 ejus
1354 3019 1601 3087 suppleat
1635 3026 1689 3070 et
1719 3019 1886 3071 totius
1933 3021 2059 3072 anni
2098 3021 2371 3091 principa-

377 3107 492 3152 tum
541 3121 571 3153 a
619 3122 739 3172 rege
776 3104 980 3173 primus
1008 3103 1248 3156 obtineat
1284 3112 1399 3156 toto
1437 3122 1601 3173 regno
1646 3104 1958 3175 Babylonis,
2033 3106 2204 3159 Jubet
2241 3125 2366 3176 ergo

379 3203 473 3236 rex
519 3205 743 3254 puerum
812 3189 879 3239 ad
940 3188 1098 3239 ludos
1161 3188 1353 3252 ornari,
1417 3188 1695 3258 proprium
1775 3197 1941 3243 tantae
2030 3192 2366 3243 solennitatis

382 3287 574 3337 equum
599 3274 896 3336 ascendere,
934 3281 1256 3341 potestatem
1301 3281 1356 3325 et
1397 3274 1683 3343 imperium
1722 3276 1890 3328 totius
1935 3276 2062 3327 anni
2104 3276 2364 3329 tribuens·

385 3351 568 3404 Parius
592 3354 694 3405 hiis
720 3356 1001 3408 intellectis
1029 3358 1204 3408 minus
1244 3366 1422 3410 actum
1449 3358 1688 3423 credenS,
1736 3361 1882 3428 quod
1906 3368 2074 3413 restat
2099 3362 2365 3430 agendum
