2638 3860
364 374 468 420 168
1083 381 1393 415 GUALTERI
1436 380 1633 414 MAPES
2004 379 2201 429 [Distine.
2225 377 2300 416 lV.

831 520 964 571 Item
989 520 1052 570 de
1061 519 1378 586 fantasticis
1405 518 1840 583 apparitionibus,
1916 517 2025 568 viii.

435 634 575 688 Quia
619 633 684 684 de
728 630 989 683 mortibus
1028 648 1254 698 quarum
1289 628 1490 698 judicia
1531 627 1693 679 dubia
1755 635 1883 679 sunt
1938 628 2128 680 incidit
2171 628 2360 690 oratiO,

361 718 511 770 miles
546 717 756 786 quidam
788 714 1080 766 Britanniae
1123 713 1391 765 minoris*
1427 730 1650 764 uxorem
1690 730 1840 763 suam
1884 711 2135 763 amissam
2162 712 2359 781 diuque

360 801 620 870 ploratam
647 819 677 851 a
702 806 874 850 morte
902 817 1014 862 sua,
1042 798 1094 849 in
1124 816 1317 865 magno
1344 796 1684 848 foeminarum
1711 804 1853 847 coetu
1880 795 1944 847 de
1973 802 2130 847 nocte
2161 796 2360 864 reperit

360 889 415 938 in
456 885 693 938 convalle
738 884 1040 936 solitudinis
1087 882 1448 952 amplissimae.
1526 882 1760 933 Miratur
1800 890 1855 934 et
1892 881 2102 944 metuit,
2142 889 2196 933 et
2233 900 2356 932 cum

361 971 648 1023 redivivam
673 970 853 1021 videat
878 988 1037 1038 quam
1079 969 1374 1037 sepelierat,
1406 986 1517 1018 non
1554 967 1722 1019 credit
1748 967 1932 1031 oculis,
1954 966 2149 1018 dubius
2176 966 2303 1035 quid
2330 985 2360 1017 a

361 1058 483 1109 fatis
531 1064 731 1125 agatur.
808 1055 970 1107 Certo
1020 1054 1276 1124 proponit
1326 1054 1504 1105 animo
1554 1071 1757 1121 rapere,
1805 1060 1867 1104 ut
1919 1053 1984 1104 de
2033 1060 2187 1121 rapta
2236 1070 2360 1103 vere

359 1142 602 1212 gaudeat,
629 1141 675 1192 si
699 1159 822 1193 vere
847 1140 1011 1204 videt,
1051 1140 1136 1192 vel
1175 1159 1205 1191 a
1229 1140 1549 1191 fantasmate
1576 1139 1806 1202 fallatur,
1840 1157 1908 1190 ne
1934 1138 2110 1207 possit
2134 1156 2164 1188 a
2191 1136 2360 1188 desis-

362 1227 524 1278 tendo
551 1225 853 1277 timiditatis
880 1225 1045 1294 argui.
1121 1224 1284 1293 Rapit
1310 1242 1426 1275 eam
1461 1222 1639 1292 igitur,
1681 1230 1734 1274 et
1770 1222 1985 1291 gavisus
2012 1229 2095 1273 est
2121 1222 2236 1290 ejus
2263 1239 2361 1290 per

364 1312 561 1363 multos
588 1329 756 1363 annos
784 1310 1051 1379 conjugio,
1092 1318 1201 1361 tam
1232 1308 1486 1378 jocunde,
1527 1316 1638 1359 tam
1666 1308 1959 1372 celebriter,
1985 1316 2048 1359 ut
2073 1306 2360 1376 prioribUS,

365 1405 419 1448 et
443 1415 510 1448 ex
533 1397 650 1466 ipsa
677 1397 914 1464 suscepit
950 1396 1166 1459 liberOS,
1193 1412 1423 1464 quorum
1460 1393 1619 1446 hodie
1645 1394 1926 1463 progenies
1964 1412 2157 1461 magna
2182 1400 2282 1456 est,
2310 1400 2364 1443 et

353 1483 459 1551 filii
483 1488 696 1533 mortuae
721 1482 985 1533 dicuntur.
1078 1479 1413 1532 Incredibilis
1458 1479 1673 1548 quidem
1719 1487 1773 1532 et
1815 1479 2123 1549 prodigialis
2167 1478 2362 1547 injuria

363 1576 585 1631 naturae,
613 1567 657 1618 si
682 1585 792 1618 non
819 1574 1063 1619 extarent
1088 1574 1230 1617 certa
1255 1565 1479 1634 vestigia
1503 1565 1758 1617 veritatis,

951 1725 1083 1775 Item
1109 1724 1171 1774 de
1197 1724 1623 1790 apparitionibus,
1698 1722 1768 1774 ix.

440 1838 638 1890 Henno
666 1857 786 1890 cum
817 1837 1120 1901 dentibus,†
1162 1837 1236 1888 sic
1263 1856 1293 1888 a
1319 1838 1562 1889 dentium
1604 1837 1969 1906 magnitudine
2011 1837 2204 1900 dictus,
2245 1855 2364 1905 spe-

366 1923 713 1975 ciosissimam
738 1923 795 1973 in
820 1923 1075 1974 umbroso
1119 1941 1336 1974 nemore
1380 1923 1613 1991 puellam
1652 1923 1859 1975 invenit
1897 1923 2029 1974 hora
2070 1923 2361 1974 meridiana

368 2027 518 2060 secus
536 2026 682 2059 oram
703 2007 1005 2060 Normanni
1023 2007 1211 2059 litoris.
1276 2008 1508 2059 Sedebat
1529 2009 1641 2059 sola
1660 2008 1926 2077 regalibus
1949 2017 2136 2059 ornata
2163 2008 2362 2071 sericiS,

365 2092 630 2161 flebatque
674 2093 787 2145 sine
824 2111 954 2144 voce
997 2092 1307 2161 suppliciter
1346 2092 1704 2160 pulcherrima
1729 2110 1906 2143 rerum
1933 2100 1988 2144 et
2013 2111 2172 2160 quam
2199 2092 2360 2144 etiam

366 2178 649 2246 lachrymae
667 2179 930 2231 decerent.
983 2179 1268 2230 Incalescit
1283 2178 1404 2247 igne
1425 2186 1685 2247 concepto
1705 2178 1940 2247 juveniS.
1993 2179 2227 2230 Miratur
2252 2186 2362 2230 tam

366 2263 661 2331 pretiosum
706 2264 819 2315 sine
859 2264 1080 2315 custode
1114 2264 1443 2325 thesaurum,
1470 2271 1525 2315 et
1564 2270 1818 2332 tanquam
1845 2264 2096 2333 illapsum
2135 2264 2202 2315 de
2228 2265 2363 2316 coelo

369 2347 514 2398 sidus
567 2348 631 2400 de
671 2347 865 2399 vicinia
907 2355 1058 2399 terrae
1103 2347 1372 2416 conqueri.
1451 2347 1848 2416 Circumspicit,
1894 2366 2017 2398 nam
2060 2367 2090 2398 a
2128 2347 2365 2399 latibulis

368 2433 521 2485 timet
546 2434 783 2497 insidias,
809 2452 918 2485 non
944 2433 1178 2485 inventis
1205 2434 1253 2484 ei
1281 2433 1593 2502 suppliciter
1626 2433 1682 2484 in
1721 2433 1947 2503 genibus
1973 2442 2114 2486 astat
2139 2445 2194 2485 et
2218 2452 2367 2486 reve-

368 2526 544 2569 renter
569 2519 883 2587 alloquitur:
925 2522 959 2548 “
978 2519 1367 2571 Dulcissimum
1385 2519 1553 2570 totius
1574 2518 1717 2570 orbis
1739 2526 1793 2571 et
1818 2519 2175 2571 clarissimum
2204 2520 2367 2572 decus

371 2622 465 2654 seu
489 2612 686 2656 nostrae
714 2605 870 2655 sortis
897 2612 979 2655 est
998 2605 1114 2656 haec
1151 2612 1261 2655 tam
1295 2604 1658 2656 desiderabilis
1684 2605 1836 2656 faciei
1872 2605 2147 2669 serenitaS,
2188 2624 2283 2656 seu
2311 2623 2366 2656 se

370 2688 636 2753 divinitas,
661 2689 745 2740 his
771 2689 1071 2741 redimitam
1097 2689 1353 2753 flosculis,
1378 2690 1481 2741 hoc
1506 2689 1708 2741 lumine
1733 2690 2004 2753 vestitam,
2029 2690 2139 2741 suis
2155 2690 2210 2740 in
2228 2698 2368 2742 terra

368 2773 538 2824 voluit
575 2773 787 2823 ostendi
825 2772 1140 2836 cultoribuS,
1184 2773 1390 2841 gaudeo
1441 2781 1495 2824 et
1532 2774 1760 2842 gaudere
1810 2782 1865 2826 te
1912 2775 2081 2838 decet,
2123 2775 2268 2843 quod
2310 2775 2367 2825 in

371 2877 487 2909 mea
510 2866 563 2910 te
590 2860 813 2927 contigit
849 2866 1116 2927 potestate
1143 2859 1420 2910 considere
1441 2879 1454 2922 3
1494 2859 1583 2910 hei
1620 2859 1782 2910 mihi!
1824 2861 1969 2929 quod
2007 2861 2074 2912 ad
2113 2869 2206 2912 tua
2247 2880 2366 2912 sum

371 2945 679 3010 praeelectus
707 2944 977 3013 obsequia,
1003 2944 1102 2995 tibi
1127 2944 1309 3012 gloria,
1351 2945 1494 3013 quod
1535 2945 1604 2996 ad
1644 2945 1788 2997 idem
1827 2947 2067 2998 locorum
2095 2965 2201 3015 quo
2229 2947 2368 2999 desi-

424 3079 448 3102 *
476 3078 574 3116 This
609 3082 720 3128 story
746 3078 819 3116 has
851 3079 935 3116 also
965 3077 1070 3116 been
1104 3078 1338 3116 mentioned
1393 3078 1503 3117 work
1524 3078 1572 3118 of
1602 3079 1671 3117 the
1691 3079 1921 3118 celebrated
1940 3093 2128 3120 romanoe
2155 3082 2203 3121 of
2233 3083 2368 3122 Melu-

374 3144 524 3190 before‚
546 3146 722 3184 Distinc.
748 3145 826 3191 ΙΙ.,
849 3158 884 3184 c.
911 3146 972 3183 13.
1395 3147 1497 3193 sine,
1519 3147 1565 3185 of
1580 3147 1649 3185 the
1669 3147 1813 3197 legend
1834 3148 1880 3186 of
1907 3149 1977 3187 the
1995 3149 2105 3188 elder
2130 3149 2177 3188 of
2197 3149 2305 3196 Offa,
2327 3163 2370 3189 as

427 3213 457 3255 †
483 3212 583 3249 This
603 3225 680 3250 was
700 3225 723 3250 a
742 3225 835 3262 very
854 3213 1025 3262 popular
1043 3213 1189 3262 legend
1206 3214 1249 3251 in
1269 3214 1339 3252 the
1395 3213 1483 3251 told
1502 3214 1555 3265 by
1576 3214 1776 3252 Matthew
1800 3215 1926 3262 Paris,
1949 3216 2029 3254 and
2048 3216 2095 3255 of
2111 3229 2134 3254 a
2153 3217 2369 3255 multitude

376 3277 532 3316 Middle
553 3280 673 3327 Ages,
692 3280 851 3329 applied
884 3284 926 3318 to
955 3281 1142 3319 different
1169 3294 1340 3330 persons
1396 3281 1443 3319 of
1469 3282 1608 3320 others
1630 3282 1761 3320 which
1781 3295 1848 3321 are
1869 3283 2067 3323 scattered
2095 3284 2274 3334 through
2303 3285 2373 3323 the

377 3344 456 3382 and
474 3345 515 3382 in
536 3345 718 3383 different
737 3347 879 3386 forms.
937 3348 976 3385 lt
1003 3349 1037 3387 is
1066 3348 1136 3387 the
1166 3349 1338 3398 ground·
1397 3349 1553 3400 history
1573 3350 1619 3388 of
1635 3350 1703 3388 the
1724 3350 1883 3389 Middle
1903 3350 2027 3400 Ages.
2152 3346 2160 3351 ’
