2638 3860
332 387 401 433 48
1049 390 1359 427 GUALTEm
1402 387 1601 424 MAPEs
1652 386 1655 387 ⁷
2026 389 2226 440 [Distinc.
2249 383 2287 427 1.

332 522 551 574 habenti
568 522 627 586 3⁹³
653 522 783 573 deus
809 536 1010 579 eorum,
1037 521 1069 546 ‘⁶
1093 516 1138 567 si
1162 533 1270 566 non
1298 514 1464 566 habes
1493 514 1626 564 duas
1643 507 1850 565 tunicas
1878 515 2024 566 aufer
2047 513 2323 566 habenti.'’

335 607 585 669 Noster,*
607 605 851 655 “Beatus
869 602 959 670 qui
974 600 1222 669 intelligit
1238 616 1399 668 super
1414 616 1644 666 egenum
1665 606 1720 650 et
1735 616 2025 667 pauperem
2036 600 2091 663 ;'·'
2117 617 2321 663 eorum,

333 691 576 742 “Beatus
593 689 683 757 qui
707 687 890 739 fecerit
915 704 1139 755 egenum
1169 692 1223 737 et
1248 684 1594 752 pauperem.''
1670 684 1874 735 Noster
1895 684 2023 748 ait,†
2048 684 2179 736 “Ne
2204 703 2322 753 gra-

331 785 523 827 ventur
547 773 704 825 corda
724 779 915 835 vestra,
942 769 1219 833 attendite,
1246 768 1385 820 curis
1411 769 1573 836 hujus
1601 767 1780 832 seculi,
1805 786 1874 819 ne
1901 770 2241 838 superveniat
2264 769 2323 821 in

331 877 426 911 vos
451 858 760 926 repentinus
787 856 899 908 dies
920 857 982 920 3''
1025 872 1210 906 eorum
1237 853 1383 916 dicit,
1410 856 1445 882 “
1464 853 1749 905 Attendite
1775 871 1843 904 ne
1867 862 2158 922 graventur
2181 871 2322 905 mar-

332 943 484 1012 supia
506 950 684 994 vestra
720 959 816 1010 per
859 958 1011 992 curas
1054 939 1216 1008 hujus
1259 938 1439 1002 seculi,
1484 956 1551 989 ne
1597 938 1939 1006 superveniat
1962 937 2019 989 in
2044 956 2142 990 vos
2170 937 2322 1007 quasi

329 1029 501 1081 viator
519 1026 779 1095 egestas.”
854 1026 1057 1077 Noster
1078 1024 1256 1088 dicit,‡
1280 1024 1502 1075 “Nemo
1522 1030 1704 1092 potest
1724 1024 1919 1076 servire
1937 1025 2057 1076 Deo
2078 1032 2132 1076 et
2152 1042 2321 1074 mam-

330 1131 490 1165 mona
505 1113 557 1177 ;”
595 1130 779 1163 eorum
807 1110 952 1173 dicit,
978 1113 1013 1139 “
1034 1110 1212 1160 Nemo
1238 1115 1422 1177 potest
1448 1108 1643 1159 servire
1670 1108 1790 1159 Deo
1818 1108 1932 1159 sine
1959 1108 2320 1160 mammone.''

334 1197 512 1249 Multa
534 1198 745 1249 videtur
768 1196 907 1247 inter
933 1213 1023 1246 eos
1051 1192 1411 1245 controversia
1435 1192 1747 1261 hujusmodi
1773 1211 1931 1261 quam
1958 1211 2117 1244 nemo
2143 1193 2324 1262 potuit

332 1282 537 1351 exequi.
614 1280 835 1332 Habent
858 1279 914 1330 in
940 1277 1222 1347 praeceptis
1247 1284 1310 1328 ut
1328 1277 1445 1329 loca
1465 1277 1674 1329 deserta
1698 1278 1951 1343 incolant,
1974 1296 2092 1347 quae
2121 1279 2323 1330 scilicet

331 1368 419 1420 vel
453 1366 753 1418 invenerint
790 1364 914 1415 talia
938 1364 1024 1415 vel
1061 1362 1318 1426 fecerint3
1367 1362 1512 1413 unde
1538 1361 1600 1413 fit
1624 1369 1687 1413 ut
1710 1362 1767 1413 in
1802 1382 2174 1432 quamcunque
2200 1382 2321 1432 par-

333 1460 443 1503 tem
459 1450 728 1503 vocaveris
746 1467 856 1512 eOS,
881 1448 1162 1499 hominum
1186 1447 1541 1516 frequentiam
1563 1455 1877 1517 sequuntur,
1894 1455 1949 1499 et
1968 1466 2084 1499 eam
2100 1447 2156 1498 in
2173 1447 2323 1500 brevi

330 1542 578 1605 potenter
613 1533 669 1584 in
707 1531 1051 1584 solitudinem
1088 1531 1353 1600 redigunt,
1380 1531 1483 1583 etsi

810 1663 894 1690 non
913 1655 1021 1690 recte
1039 1651 1194 1689 faciunt
1213 1662 1471 1701 quocumque
1489 1651 1613 1690 modo
1633 1654 1760 1699 rem‚§

336 1762 390 1806 et
414 1773 444 1805 a
469 1772 576 1805 non
600 1752 749 1821 justo
777 1751 997 1803 domino
1026 1759 1212 1804 contra
1254 1752 1548 1820 quamlibet
1584 1754 2017 1807 reclamationem
2054 1757 2323 1825 orphano-

330 1857 469 1902 rum,
494 1838 792 1900 viduarum,
828 1836 1213 1905 religiosorum,
1253 1837 1407 1889 datos
1435 1856 1587 1906 agros
1613 1846 1883 1906 gratanter
1914 1839 2288 1908 ingrediuntur
2304 1862 2320 1905 3

334 1942 443 1975 non
470 1922 737 1991 quomodo
779 1939 870 1972 eos
909 1920 1271 1989 adipiscantur
1298 1922 1391 1973 sed
1418 1924 1688 1991 quomodo
1725 1924 1953 1977 retinere
1978 1926 2190 1978 valeant
2216 1927 2322 1978 sol-

331 2007 479 2071 liciti,
524 2014 578 2058 et
615 2005 737 2073 quia
762 2003 1112 2074 parochianos
1146 2022 1326 2073 regere
1363 2024 1474 2058 non
1499 2007 1701 2059 habent
1727 2010 2023 2061 secundum
2064 2011 2320 2078 regulam,

334 2091 604 2143 eradicant
633 2089 802 2153 villaS,
852 2088 1117 2153 ecclesiaS,
1157 2091 1509 2158 parochianos
1559 2092 1798 2161 ejiciunt,
1849 2101 2098 2146 evertunt
2137 2096 2320 2147 altaria

333 2175 455 2240 Dei,
484 2191 653 2226 serere
683 2192 793 2225 non
819 2173 1124 2237 abhorrent,
1151 2181 1206 2225 et
1231 2176 1298 2227 ad
1321 2175 1463 2227 viam
1500 2177 1732 2230 vomeris
1759 2178 1939 2230 omnia
1963 2179 2320 2248 complanare,

331 2268 395 2313 ut
421 2260 466 2311 si
489 2259 670 2312 videas
696 2276 813 2327 quae
840 2257 1066 2323 videraS,
1093 2259 1267 2312 dicere
1292 2260 1488 2329 possiS,

966 2363 1088 2401 Nunc
1108 2375 1221 2414 seges
1241 2368 1303 2403 est
1322 2364 1392 2403 ubi
1411 2365 1535 2415 Troja
1553 2366 1671 2418 snitu

332 2452 423 2516 Et,
438 2458 500 2503 ut
526 2451 624 2503 soli
646 2450 770 2514 sint,
795 2450 1139 2502 solitudinem
1165 2450 1368 2502 faciunt
1378 2473 1393 2517 3
1433 2459 1488 2504 et
1514 2470 1636 2504 cum
1662 2472 1773 2506 non
1797 2454 1956 2508 liceat
1976 2455 2052 2508 eis
2072 2457 2319 2526 proprios

330 2535 523 2587 habere
548 2535 916 2604 parochianoS,
960 2535 1085 2586 licet
1109 2535 1184 2587 eis
1212 2535 1414 2588 alienos
1442 2537 1778 2606 disperdere3
1826 2559 2035 2594 servare
2060 2561 2172 2594 non
2197 2560 2320 2611 per-

330 2619 498 2670 mittit
525 2620 721 2688 regula,
765 2619 1036 2672 destruere
1080 2621 1340 2689 praecipit.
1441 2622 1635 2674 Omnis
1674 2625 1891 2678 invasor
1934 2626 2111 2695 aliquo
2156 2628 2319 2679 modo

330 2704 609 2756 miseretur
634 2712 688 2756 et
719 2704 889 2772 parcit
903 2725 919 2768 3
958 2713 1050 2756 aut
1074 2705 1218 2756 enim
1246 2705 1348 2757 sibi
1373 2706 1580 2760 detinet
1620 2710 1766 2778 quod
1790 2711 1998 2764 invadit
2023 2718 2078 2763 et
2124 2719 2319 2777 servat,

383 2855 408 2879 ²*
437 2857 543 2895 Psal.
566 2857 621 2904 xl,
644 2859 682 2895 2.
738 2857 889 2895 Beatus
920 2857 991 2907 qui
1010 2857 1202 2907 intelligit
1222 2870 1291 2896 su·
1405 2863 1424 2907 ξ
1456 2862 1603 2902 Horat.
1626 2863 1762 2914 Epist.
1784 2865 1856 2903 lib.
1879 2865 1916 2904 Ι.
1945 2878 2010 2916 ep.
2033 2865 2061 2903 i.
2085 2865 2153 2904 65.

332 2936 404 2974 per
423 2937 594 2973 egenum
623 2929 664 2963 et
693 2936 937 2975 pauperem:
973 2924 1018 2962 in
1039 2924 1104 2963 die
1122 2925 1229 2964 mala
1246 2925 1297 2964 li-
1409 2933 1437 2952 “
1461 2930 1557 2969 Isne
1577 2931 1653 2970 tibi
1682 2932 1828 2971 melius
1859 2933 2017 2980 suadet,
2040 2933 2110 2984 qui
2139 2945 2225 2972 rem
2254 2934 2316 2973 fa-

331 2991 488 3030 berabit
508 3004 600 3030 eum
621 2991 841 3030 Dominus.
1515 2999 1611 3046 cias,
1645 3011 1746 3038 rem.

383 3058 409 3107 †
439 3058 536 3096 Luc.
557 3058 636 3096 xxi.
660 3060 727 3096 34.
786 3057 997 3097 Attendite
1017 3062 1152 3098 autem
1166 3059 1296 3107 vobis,
1410 3066 1454 3105 Si
1489 3067 1621 3119 possis
1654 3070 1787 3113 recte;
1835 3066 1870 3106 si
1919 3079 2017 3115 non,
2059 3080 2318 3120 quocumque

332 3136 385 3162 ne
403 3124 507 3163 forte
526 3130 743 3175 graventur
762 3126 883 3164 corda
900 3131 1035 3165 vestra
1064 3128 1109 3166 in
1129 3128 1294 3178 crapula
1509 3135 1632 3173 modo
1652 3135 1778 3174 rem.”

336 3194 377 3228 et
396 3190 588 3230 ebrietate
607 3196 647 3230 et
676 3194 784 3232 curis
813 3193 934 3243 hujus
959 3195 1069 3242 vitae,
1091 3200 1132 3234 et
1151 3207 1294 3246 super·
1407 3206 1423 3252 Η
1459 3203 1581 3243 ovid.
1603 3204 1740 3254 Epist.
1761 3204 1804 3255 (i.
1842 3206 1911 3242 53.

334 3257 470 3295 veniat
487 3258 528 3294 in
549 3270 621 3296 vos
640 3261 853 3310 repentina
872 3261 957 3302 dies
976 3262 1060 3301 illa.
1461 3275 1488 3296 υ
1506 3272 1533 3313 J
1536 3285 1602 3312 am
1625 3284 1738 3323 seges
1759 3274 1821 3313 est
1837 3271 1909 3311 ubi
1927 3271 2049 3321 Troja
2067 3268 2198 3310 fuit.”

391 3323 414 3369 Σ
442 3323 597 3362 Matth.
616 3325 671 3367 vi.
692 3327 758 3364 24.
