2638 3860
292 321 395 372 Cap.
416 319 498 369 iii.]
943 320 1020 354 DE:
1052 319 1238 355 NUGIS
1269 319 1645 357 GURIALIUM.
2174 312 2272 358 199

264 460 512 529 Edgarus
535 458 831 527 Anglorum
848 477 959 523 rex,
982 467 1284 524 stemmate,
1305 461 1565 526 moribUS,
1593 468 1647 513 et
1665 447 1831 531 regno
1852 460 2178 530 praenobiliS,
2205 462 2272 514 de

263 566 464 617 sponsa
491 546 720 597 similem
761 547 863 598 sibi
890 546 1026 598 bene
1055 548 1434 615 patrissantem
1462 549 1702 618 suscepit
1744 549 2088 614 Edwardum,
2116 550 2270 618 cujus

264 642 435 685 matre
459 634 712 684 defuncta
733 632 798 684 de
821 633 1056 684 secunda
1083 632 1185 684 sibi
1210 634 1448 702 legitima
1481 635 1718 703 suscepit
1745 635 2092 699 Edelredum,
2120 636 2274 705 cujus

265 727 437 771 mater
464 718 729 768 Edwardo
764 735 989 786 regnum
1028 717 1277 770 invidens
1321 719 1427 787 ipsi
1470 737 1741 771 venenum
1786 720 2111 789 propinavit,
2163 738 2269 788 quo

267 822 378 855 non
406 802 720 872 proficiente
748 803 1031 854 conductis
1064 803 1244 872 ipsum
1273 804 1536 856 militibus
1564 805 1836 856 interemit
1863 806 2007 874 apud
2036 805 2270 858 Sceftes·

266 888 475 939 biriam.
553 887 826 939 Successit
873 887 1037 956 igitur
1077 888 1292 956 Edgaro
1333 907 1428 940 rex
1464 889 1821 953 EdelreduS,*
1863 908 2022 958 quem
2058 889 2272 959 Anglici

268 973 552 1025 consilium
592 982 940 1037 vocaverunt,
982 974 1106 1042 quia
1149 974 1350 1026 nullius
1395 983 1508 1026 erat
1552 975 1770 1043 negotii.
1848 976 1956 1027 Hic
1995 976 2061 1028 de
2089 995 2270 1030 sorore

269 1058 481 1111 comitis
514 1058 568 1108 N
572 1058 865 1109 ormanniae
892 1057 1004 1109 sive
1031 1058 1183 1109 ducis
1211 1059 1349 1110 duos
1369 1059 1561 1111 habuit
1580 1060 1739 1124 filios,
1761 1061 2057 1113 Elvredurn
2078 1070 2133 1114 et
2159 1061 2272 1113 Ed-

268 1144 525 1195 wardum.
598 1143 781 1211 Hujus
806 1142 1061 1211 ignobilis
1089 1143 1342 1195 Edelredi
1367 1152 1630 1214 tempore,
1652 1155 1873 1215 propter
1900 1147 2079 1216 ipsius
2119 1148 2271 1216 inep-

270 1229 402 1280 tiam
453 1237 509 1281 et
545 1228 814 1292 inertiam,
863 1246 1014 1297 reges
1054 1228 1354 1281 insularum
1396 1231 1747 1283 finitimarum
1791 1240 1908 1284 tum
1952 1233 2160 1302 praedas
2205 1233 2271 1285 ab

272 1313 466 1382 Anglia
492 1321 610 1364 tum
655 1312 721 1364 ab
766 1312 884 1381 ipso
913 1313 1183 1365 Edelredo
1210 1315 1368 1366 xenia
1393 1316 1613 1385 pacifica
1635 1317 1955 1383 referebant.
2034 1317 2276 1370 Surrexit

267 1410 449 1451 autem
478 1419 539 1451 ea
565 1407 891 1468 tempestate
918 1399 998 1450 vir
1024 1400 1242 1468 quidam
1281 1402 1388 1453 hoc
1427 1403 1644 1470 modo.†
1682 1403 2038 1455 Aberraverat
2065 1423 2095 1455 a
2116 1406 2274 1456 sociis

272 1495 474 1537 venatu
500 1486 819 1537 Edelredus,
861 1486 1071 1555 Hyems
1099 1495 1228 1552 erat,
1250 1496 1304 1538 et
1330 1488 1548 1540 devenit
1575 1499 1738 1541 noctu
1767 1490 1914 1541 solus
1941 1489 2274 1542 errabundus

272 1572 337 1623 ad
361 1572 581 1623 domum
610 1571 890 1640 cujusdam
919 1573 1160 1624 custodis
1185 1591 1468 1625 vaccarum
1496 1593 1732 1639 suarum,
1757 1584 1947 1645 petens
1965 1585 2020 1628 et
2057 1595 2276 1628 conces-

273 1675 394 1709 sum
435 1658 733 1727 suscipiens
778 1658 1093 1726 hospitium.
1171 1660 1388 1711 Prosilit
1413 1678 1538 1729 ergo
1582 1662 1809 1731 impiger
1847 1662 1990 1713 filius
2035 1662 2274 1714 custodis

269 1761 421 1811 puer,
447 1743 669 1794 nomine
698 1743 1018 1804 GodwinuS‚
1044 1743 1320 1812 pulchrior
1340 1753 1395 1796 et
1420 1746 1610 1797 melior
1635 1765 1796 1815 quam
1821 1747 1926 1816 ipsi
1953 1748 2102 1799 daret
2136 1747 2277 1798 linea

273 1828 531 1896 priorum.
608 1828 811 1880 Ocreas
838 1829 1119 1893 abstrahit,
1146 1831 1422 1894 emundat,
1467 1841 1523 1883 et
1564 1832 1808 1901 reponit;
1848 1851 2046 1901 equum
2091 1832 2279 1895 abluit,

274 1921 573 1964 extractum
614 1912 801 1976 ambit,
829 1913 1022 1982 strigili
1066 1914 1242 1982 tergit,
1270 1922 1325 1965 et
1363 1924 1655 1966 stramenta
1700 1916 1962 1985 supponit
2001 1923 2056 1968 et
2081 1916 2277 1985 pabula

274 1998 579 2061 ministrat;
618 1999 799 2049 omnia
839 1998 1157 2067 composite,
1201 1999 1459 2063 celeriter,
1503 2009 1558 2051 et
1598 2001 1800 2052 munde
1838 2000 2093 2070 disponit.
2171 2001 2278 2053 Hic

274 2084 426 2153 quasi
454 2085 678 2135 dilectus
706 2084 872 2152 patris
918 2093 973 2136 et
1002 2094 1244 2153 angustae
1286 2094 1585 2155 praeceptor
1611 2087 1824 2151 domus,
1861 2088 2278 2156 pinguissimum

273 2170 499 2239 apponit
518 2170 627 2238 igni
653 2188 912 2221 anserem.
994 2169 1246 2221 Sororem
1263 2171 1485 2223 adhibet
1501 2173 1761 2224 custodiae
1779 2182 1930 2241 pater
1946 2192 2093 2233 suus,
2113 2192 2277 2224 unam

267 2255 428 2325 jubet
453 2256 627 2325 parari
652 2255 903 2324 gallinam
921 2276 935 2319 3
974 2255 1063 2306 ille
1091 2257 1273 2307 statim
1301 2265 1431 2309 tres.
1507 2257 1628 2326 Igni
1662 2258 1886 2327 apponit
1922 2266 2074 2327 pater
2106 2277 2278 2310 unum

275 2341 401 2392 salsi
440 2342 590 2410 porci
633 2342 867 2392 frustum
896 2340 1129 2392 oleribus
1157 2342 1389 2410 apponi3
1434 2341 1523 2394 ille
1559 2343 1659 2394 tria
1692 2352 2040 2412 properanter
2075 2343 2276 2412 adjicit,

273 2434 329 2477 et
355 2433 550 2494 praeter
575 2425 761 2476 matris
796 2433 850 2476 et
879 2424 1048 2494 patris
1075 2425 1296 2477 adhibet
1332 2427 1716 2479 conscientiam
1755 2428 2086 2491 nefrendem,
2112 2428 2168 2479 id
2194 2435 2279 2480 est

272 2511 673 2564 adolescentem
700 2518 754 2562 et
772 2510 1036 2579 virginem
1058 2528 1230 2563 suem.
1308 2512 1500 2580 Ignem
1527 2513 1716 2577 nutrit,
1743 2514 1990 2565 candelas
2017 2513 2279 2577 accendit,

272 2596 543 2649 fabulatur
565 2604 754 2648 contra
778 2596 985 2648 tedium
1006 2596 1135 2664 regi,
1152 2597 1332 2649 minus
1359 2606 1444 2649 est
1468 2598 1625 2650 matri
1645 2599 1906 2664 adulator,
1925 2599 2064 2668 patri
2097 2599 2278 2651 horta-

273 2691 385 2746 tor3
413 2682 654 2734 defectus
672 2699 860 2733 omnes
877 2682 1100 2750 provide
1117 2683 1360 2752 supplet3
1386 2701 1496 2735 non
1509 2684 1668 2752 jacet,
1687 2702 1796 2736 non
1815 2684 2106 2747 sedet,non
2122 2702 2276 2736 accu-

275 2767 432 2831 bitat,
456 2785 567 2818 non
595 2775 704 2819 stat
722 2788 738 2831 3
766 2774 917 2819 totus
937 2767 993 2818 in
1012 2775 1166 2819 motu
1183 2774 1268 2819 est
1276 2787 1291 2831 3
1317 2766 1555 2819 laborem
1576 2786 1686 2819 non
1703 2775 1913 2836 pensat,
1931 2786 2042 2820 non
2060 2769 2280 2820 utilitati

276 2868 387 2902 suae
419 2850 618 2916 studet,
649 2869 762 2904 non
786 2851 1023 2903 intendit
1046 2850 1377 2920 promotioni
1402 2852 1652 2921 propriae,
1678 2859 1827 2904 totus
1853 2852 2026 2904 inhiat
2048 2853 2177 2922 regi,
2195 2861 2280 2906 to-

332 3007 357 3030 *
387 3006 585 3045 Ethelred
600 3007 669 3046 the
684 3007 895 3060 Unready.
932 3007 1018 3047 The
1036 3008 1252 3048 anecdotes
1307 3008 1377 3047 the
1408 3008 1543 3048 Saxon
1560 3022 1772 3049 romances
1797 3010 1969 3060 relating
1987 3013 2030 3049 to
2050 3010 2119 3049 the
2141 3009 2282 3061 family

278 3074 325 3112 of
352 3074 432 3112 this
453 3075 682 3113 monarch’s
713 3075 826 3126 reign
843 3076 963 3127 given
983 3076 1078 3114 here
1097 3088 1163 3114 are
1180 3079 1254 3114 not
1309 3076 1356 3114 of
1389 3076 1576 3115 Godwin.
1635 3077 1703 3116 All
1740 3078 1808 3117 the
1845 3083 1957 3129 great
1989 3078 2282 3130 Anglo-Saxon

278 3141 405 3180 found
424 3141 467 3179 in
487 3142 556 3180 the
571 3142 762 3192 ordinary
776 3142 1034 3181 chroniclers.
1309 3143 1478 3183 families
1510 3145 1589 3184 had
1632 3146 1733 3185 such
1777 3158 1986 3186 romances
2017 3146 2206 3185 attached
2238 3152 2282 3185 to

332 3212 361 3255 †
390 3209 489 3247 This
508 3209 542 3247 is
555 3209 761 3259 evidently
781 3221 833 3247 an
853 3209 1032 3248 abstract
1048 3209 1094 3248 of
1108 3222 1186 3249 one
1212 3209 1258 3248 of
1309 3211 1433 3250 them.
