2638 3860
365 394 467 440 190
1077 398 1387 434 GUALTERI
1429 396 1630 431 MAPES
2022 398 2222 449 [Distinc.
2247 398 2323 438 IV.

360 543 654 596 Audientes
674 541 818 591 hunc
835 537 1127 590 tumultum
1145 554 1278 605 quos
1291 535 1645 587 absconderat
1665 534 1879 603 sapiens
1895 543 2116 589 centum
2135 538 2352 602 milites,

359 613 619 680 Leucium
657 624 820 677 subiti
855 630 1135 691 occupant,
1175 622 1461 690 ipsumque
1493 620 1854 689 familiamque
1882 629 2067 690 captos
2097 630 2352 692 tanquam

359 714 657 783 proditores
685 710 841 778 digna
865 716 1037 759 morte
1065 708 1356 777 suspendio
1383 706 1665 758 mulctant.
1744 705 1924 758 Cessit
1950 716 2132 758 autem
2158 726 2224 759 ex
2249 709 2353 761 hoc

360 806 473 850 tota
513 793 786 847 Britannia
843 792 1119 844 Salomoni
1159 801 1214 844 et
1257 791 1367 843 suis
1411 791 1733 843 haeredibus·
1811 792 2133 862 Quicunque
2185 793 2354 845 lector

358 885 471 934 haec
508 881 774 950 perlegere
814 878 1061 946 dignatus
1099 878 1277 942 fuerit,
1317 896 1383 929 ex
1412 877 1596 928 multis
1632 885 1686 929 et
1723 878 1946 929 diversis
1973 878 2099 930 hinc
2126 878 2350 930 edoctus

358 967 563 1037 injuriis
597 967 664 1017 ad
698 965 957 1016 cautelam
985 963 1292 1028 armabitur,
1332 982 1493 1032 quam
1531 962 1815 1015 observare
1842 982 1962 1016 cum
2000 964 2353 1016 indemnitate

357 1072 467 1105 non
510 1051 723 1120 poterit,
767 1050 872 1101 nisi
916 1050 1210 1101 fortissimo
1257 1050 1649 1119 compescuerit
1698 1050 1974 1101 avaritiam
2018 1050 2189 1113 freno,
2234 1067 2353 1119 quae

357 1140 495 1190 fame
530 1137 725 1189 arctius
766 1144 820 1187 et
861 1135 949 1188 siti
988 1136 1241 1205 omnique
1280 1136 1599 1188 necessitate
1638 1136 1828 1188 faedius
1867 1136 2097 1205 impellit
2133 1136 2190 1187 in
2229 1154 2353 1205 pro—

357 1225 583 1277 fundum
610 1223 876 1292 nequitiae.
952 1222 1094 1274 Nam
1124 1230 1179 1274 et
1196 1223 1313 1274 haec
1339 1223 1532 1275 horum
1560 1241 1719 1274 causa
1744 1223 1847 1275 fuit
1872 1242 2205 1276 excessuum.

776 1453 857 1502 De
884 1452 1046 1503 Saeva
1072 1457 1123 1503 et
1155 1450 1335 1503 Ollone
1360 1453 1748 1504 mercatoribus.
1822 1451 1928 1503 xvi.

434 1616 599 1668 Sceva
633 1623 687 1666 et
720 1614 862 1679 Ollo,
904 1632 1057 1683 pares
1084 1621 1259 1680 aetate,
1301 1614 1541 1667 moribus
1583 1615 1833 1685 impareS,
1873 1615 2028 1684 pueri
2069 1615 2135 1666 de
2179 1615 2354 1685 plebe,

361 1703 552 1770 adepta
596 1700 753 1752 simul
795 1700 1003 1751 modica
1029 1700 1346 1762 substantia,
1375 1701 1501 1753 facti
1528 1710 1655 1753 sunt
1681 1701 1880 1753 nostris
1916 1701 2191 1753 institores
2217 1713 2355 1753 tem-

360 1788 579 1859 poribus
628 1805 912 1856 parvarum
954 1786 1102 1854 prius
1141 1787 1416 1850 mercium,
1461 1795 1515 1839 et
1559 1788 1750 1839 deinde
1796 1788 2064 1857 frequenti
2106 1806 2358 1839 successu

362 1892 687 1943 magnarum.
762 1872 902 1922 Nam
931 1891 960 1922 a
987 1872 1213 1922 collariis
1239 1872 1444 1941 bigarii,
1486 1893 1515 1923 a
1554 1873 1769 1941 bigariis
1815 1874 2108 1925 multorum
2154 1874 2359 1925 domini

362 1959 538 2013 effecti
584 1965 711 2008 sunt
752 1957 1070 2024 aurigarum,
1121 1975 1331 2025 semper
1381 1966 1561 2009 autem
1604 1958 1789 2010 fideles
1842 1959 1990 2011 socii.
2067 1959 2357 2029 Ampliatis

362 2063 485 2113 ergo
512 2042 794 2105 mercibUS,
819 2050 882 2093 ut
907 2041 1033 2093 alias
1062 2042 1270 2106 dicitur,
1298 2045 1463 2095 crevit
1489 2062 1638 2095 amor
1679 2044 1890 2095 nummi
1935 2052 2196 2113 quantum
2241 2044 2359 2113 ipsa

362 2129 636 2199 pecunia*
710 2127 834 2179 Jam
864 2126 1131 2178 societatis
1177 2127 1451 2179 vinculum
1493 2137 1547 2179 et
1592 2128 1993 2179 communitatis
2019 2128 2148 2179 unio
2176 2129 2361 2198 displi-

365 2217 491 2278 cuit,
520 2221 759 2282 separata
796 2213 970 2281 placet
1010 2212 1326 2281 proprietas,
1371 2213 1619 2265 dividunt
1662 2214 1858 2277 omnia,
1903 2221 2075 2265 sortes
2117 2214 2360 2279 mittunt,

362 2300 501 2352 tollit
527 2307 747 2366 uterque
773 2297 916 2366 quod
943 2297 1044 2348 sibi
1071 2315 1311 2348 seorsum
1339 2298 1575 2366 ponitur,
1601 2299 1860 2350 recedunt
1879 2298 1945 2349 ab
1967 2298 2198 2349 invicem
2219 2299 2361 2351 dicta

363 2391 681 2453 acceptaque
733 2383 918 2433 salute.
995 2382 1179 2446 Sceva,
1216 2390 1277 2433 ut
1321 2391 1433 2434 erat
1476 2383 1707 2435 liberalis
1753 2393 1808 2436 et
1858 2385 2156 2436 secundum
2207 2403 2360 2437 suam

361 2470 562 2521 facetus
584 2476 799 2531 sortem,
827 2486 949 2519 cum
975 2468 1260 2537 lachrymis
1285 2469 1533 2520 hortatur
1555 2470 1808 2522 Ollonem
1829 2479 1892 2521 ut
1917 2471 2063 2521 nulla
2083 2471 2148 2522 de
2169 2479 2361 2525 caetero

364 2555 432 2606 sit
456 2554 593 2605 inter
619 2572 710 2605 eos
737 2553 1151 2606 commeantium
1190 2554 1376 2606 raritas
1421 2556 1763 2620 nunciorum,
1790 2556 2201 2626 quibuscunque
2236 2576 2364 2609 con-

363 2640 569 2691 sideant
592 2639 732 2690 villis
759 2647 851 2690 aut
868 2638 1108 2703 urbibus,
1127 2648 1219 2691 aut
1246 2641 1503 2709 separatis
1531 2642 1777 2710 personis
1803 2643 2066 2694 unitatem
2084 2642 2243 2694 faciat
2262 2644 2364 2693 fre-

363 2732 616 2794 quentata
641 2725 989 2776 commonitio
1012 2726 1329 2777 dilectionis.
1382 2727 1564 2796 Elegit
1580 2727 1635 2778 in
1657 2729 1917 2779 Ravenna
1932 2747 2146 2780 manere
2175 2728 2362 2793 Sceva,

362 2818 644 2877 castusque
671 2809 762 2860 diu
788 2810 1059 2860 mutandis
1087 2810 1357 2862 mercibus
1386 2812 1610 2863 studuit.
1687 2811 1814 2864 Ollo
1853 2812 2031 2881 Papiae
2070 2814 2364 2865 formosam

366 2895 516 2945 duxit
540 2913 779 2946 uxorem.
855 2895 1047 2946 Primis
1073 2896 1213 2948 inter
1230 2915 1321 2948 eos
1342 2898 1676 2965 temporibus
1698 2898 1854 2950 multi
1877 2898 2145 2950 sudabant
2164 2899 2364 2964 nuncii,

365 2980 580 3030 tandem
631 2980 963 3048 quieverunt.
1041 2980 1209 3033 Sceva
1251 2983 1394 3034 enim
1439 2992 1501 3035 ut
1546 2985 1800 3036 Ollonem
1849 2984 2092 3037 visitaret
2143 2985 2364 3053 Papiam

368 3064 523 3131 petiit
562 3083 684 3115 cum
728 3066 896 3116 multa
939 3085 1102 3117 manu
1148 3067 1513 3133 servientium,
1559 3076 1614 3121 et
1662 3069 1800 3121 bene
1844 3071 2113 3135 redimito,
2152 3078 2206 3122 et
2244 3088 2367 3122 ecce

372 3148 620 3221 Ollonem
643 3148 853 3201 obviam
875 3149 1065 3202 habuit
1091 3169 1211 3203 cum
1230 3151 1367 3221 bigis
1389 3153 1598 3205 onustis
1619 3163 1997 3225 properantem
2016 3157 2082 3207 ad
2099 3155 2367 3208 nundinas

1065 3365 1089 3391 *
1119 3367 1307 3415 Juvenal,
1333 3370 1418 3409 Sat.
1439 3370 1520 3409 xiv.
1543 3372 1569 3410 l.
1596 3375 1688 3412 139.
