2638 3860
301 347 400 398 Cap.
424 347 501 397 ix.]
750 356 756 359 ·
942 349 1019 382 DE
1052 349 1235 384 Nncrs
1266 350 1640 385 cnmALmM.
2185 341 2287 388 169

1759 492 1789 513 99

272 485 559 539 derabilius
580 505 636 539 es
664 496 878 557 recepta
905 507 1142 559 praesaga
1168 491 1447 543 declinasti
1469 490 1753 545 sententia.
1874 492 1974 544 Illa
1995 499 2107 544 tam
2126 491 2284 545 inno-

271 578 452 623 center
490 579 545 623 et
582 572 907 625 collumbine
946 574 1242 643 respondit,
1282 582 1344 627 ut
1380 577 1564 628 credas
1603 577 1846 645 angelam
1884 577 2123 629 locutam
2161 596 2279 646 quae

267 658 441 726 possit
481 659 729 727 angelum
770 659 1013 728 quemvis
1041 660 1108 711 ad
1134 669 1259 712 vota
1284 662 1495 714 fallere:
1524 663 1698 715 “Flos
1720 664 1984 733 juvenum
2012 663 2275 728 amabiliS,

269 754 324 794 et
375 744 724 796 desiderabile
765 745 948 796 lumen
993 746 1294 810 hominum,
1338 766 1450 799 non
1496 767 1581 800 me
1623 749 1712 801 hic
1759 749 1942 801 attulit
1982 757 2279 819 spontanea

270 830 626 898 providentia,
654 830 748 882 sed
775 849 929 882 casus
955 830 1180 882 invitam
1208 832 1440 897 advexit,
1462 852 1547 886 me
1575 853 1697 886 cum
1736 842 1887 904 patre
1927 853 2048 887 meo
2083 834 2279 904 nuptui

271 914 588 965 tradendam
615 915 726 983 regi
754 915 1103 980 Francorum,
1131 916 1198 967 ad
1223 916 1340 969 haec
1371 917 1555 969 littora
1579 918 1708 970 ratis
1734 918 1789 971 vi
1814 919 2152 988 tempestatis
2178 920 2279 970 im·-

268 999 440 1067 pulsa,
479 1017 584 1067 qua
610 1017 733 1050 cum
760 1016 972 1067 egressa
997 1017 1173 1051 essem
1211 1000 1311 1052 hac
1352 1001 1465 1053 sola
1509 1021 1627 1071 quae
1653 1002 1808 1054 vobis
1838 1004 2131 1072 astat—(et
2156 1022 2278 1056 ecce

267 1083 478 1135 astabat
493 1084 1096 1152 puella‚)—comitante,
1115 1104 1244 1138 aura
1260 1086 1464 1138 turbini
1482 1089 1802 1141 succedente
1821 1107 2093 1159 prospera,
2113 1090 2278 1159 pleno

268 1187 390 1221 cum
419 1178 567 1238 patre
593 1169 851 1221 recedunt
875 1178 1054 1221 nautae
1085 1171 1219 1223 velo·
1298 1171 1421 1223 Scio
1444 1178 1625 1224 autem
1642 1174 1788 1242 quod
1809 1192 1932 1225 cum
1953 1192 2039 1226 me
2061 1174 2279 1226 scierint

267 1254 472 1319 abesse,
499 1274 622 1307 cum
643 1255 931 1325 lachrymis
959 1257 1065 1308 huc
1091 1264 1444 1310 revertentur.
1520 1258 1779 1312 Attamen
1804 1278 1872 1312 ne
1899 1278 1986 1311 me
2029 1260 2144 1330 lupi
2179 1261 2277 1314 ho-

266 1340 506 1394 minesve
533 1342 751 1411 maligni
778 1342 1042 1394 devorent
1075 1343 1162 1395 vel
1197 1351 1483 1408 attentent,
1512 1344 1557 1396 si
1584 1345 1718 1396 mihi
1756 1345 2081 1398 innocentiae
2112 1345 2276 1398 fidem

265 1427 493 1492 dederiS,
519 1446 617 1497 pro
644 1435 698 1480 te
723 1428 957 1498 tuisque,
977 1435 1155 1480 tecum
1184 1447 1282 1498 pro
1309 1437 1553 1499 tempore
1579 1431 1867 1484 remanebo
1890 1453 1902 1496 ;
1943 1451 2068 1484 nam
2103 1432 2274 1485 tutius

265 1520 348 1563 est
374 1520 429 1564 et
455 1513 721 1564 salubrius
753 1520 811 1564 ut
837 1532 924 1565 me
950 1513 1051 1565 tibi
1072 1515 1450 1566 commendem
1475 1533 1647 1584 usque
1672 1515 1729 1566 in
1755 1515 1907 1568 navis
1947 1517 2274 1569 redditum.’'

268 1597 487 1663 HennO,
529 1600 619 1668 qui
661 1599 923 1652 desideria
966 1618 1076 1650 non
1118 1600 1274 1652 deses
1310 1600 1524 1652 auditor
1547 1600 1815 1669 intelligit,
1843 1602 2023 1653 omnia
2049 1602 2142 1653 dat
2175 1602 2276 1654 im-

265 1685 413 1755 pigre
440 1704 774 1755 quaecunque
811 1693 1092 1755 petuntur,
1119 1694 1174 1738 et
1211 1686 1527 1738 thesaurum
1564 1686 1849 1739 inventum
1876 1705 2000 1739 cum
2038 1688 2274 1741 maximo

266 1771 431 1822 animi
462 1771 637 1839 jubilo
675 1779 932 1841 reportat,
958 1772 1171 1841 utrique
1210 1774 1463 1842 quantam
1497 1779 1680 1842 potest
1717 1773 1979 1826 adhibens
2013 1774 2272 1826 laetitiam.

264 1856 571 1908 Introducit
596 1863 651 1908 et
691 1855 794 1907 sibi
833 1856 1176 1908 matrimonio
1214 1843 1475 1908 nobilem·
1496 1858 1643 1909 illam
1674 1858 2038 1927 pestilentiam
2077 1859 2274 1928 jungit,

263 1942 628 2012 custodiaeque
655 1941 840 1993 matris
869 1960 979 1994 suae
1019 1944 1258 2011 deputat,
1298 1950 1353 1995 et
1390 1961 1455 1995 ex
1493 1943 1584 1995 illa
1616 1944 2033 2012 pulcherrimam
2067 1945 2275 2014 prolem

263 2029 504 2081 suscitat.
582 2030 857 2099 Frequens
886 2037 999 2080 erat
1035 2028 1089 2079 in
1118 2029 1342 2081 ecclesia
1378 2037 1566 2094 mater,
1591 2029 1682 2082 illa
1707 2030 2055 2100 frequentior,
2082 2032 2276 2101 orpha-

261 2132 456 2166 norum
482 2123 537 2167 et
562 2114 844 2165 viduarum
872 2122 926 2165 et
952 2113 1194 2164 omnium
1233 2113 1388 2182 panis
1415 2114 1690 2183 egentium
1728 2115 1818 2167 illa
1856 2116 2026 2183 magis
2061 2124 2123 2168 ut
2164 2117 2273 2169 fine

261 2200 547 2252 concludat
573 2207 760 2268 optato
786 2199 1045 2250 malitiam
1072 2217 1290 2251 omnem
1316 2200 1373 2250 in
1401 2208 1698 2269 conspectu
1722 2201 2007 2253 hominum
2035 2203 2274 2271 complet

261 2285 521 2349 laetitiam,
574 2292 801 2353 excepto
859 2284 1006 2353 quod
1072 2284 1442 2353 aspersionem
1503 2304 1655 2354 aquae
1714 2285 2014 2338 benedictae
2066 2286 2273 2339 vitabat

260 2371 555 2439 horamque
591 2369 831 2439 corporis
868 2369 1125 2422 dominici
1153 2378 1209 2421 et
1235 2370 1511 2439 sanguinis
1539 2371 1861 2423 conficiendi
1887 2379 2043 2424 cauta
2069 2390 2272 2441 praeve-

260 2457 462 2521 niebat,
487 2457 613 2525 fuga
640 2456 888 2507 simulata
913 2456 1261 2520 multitudine
1280 2457 1367 2524 vel
1392 2457 1626 2526 negotio.
1705 2458 1885 2510 Mater
1909 2458 2014 2510 hoc
2045 2459 2271 2511 Henno-

261 2543 345 2595 nis
385 2543 633 2606 advertit,
667 2543 922 2611 justaque
961 2542 1268 2611 suspicione
1309 2543 1537 2595 sollicita
1572 2550 1766 2595 cuncta
1808 2551 2076 2608 metuenS,
2102 2545 2271 2597 instat

259 2628 558 2681 arctissima
579 2628 864 2680 sedulitate
886 2629 1111 2680 scrutari
1132 2628 1261 2698 quid
1278 2629 1400 2681 hoc.
1478 2629 1591 2681 Scit
1607 2647 1726 2681 eam
1744 2629 1935 2681 diebus
1962 2631 2267 2696 dominiciS,

259 2723 387 2785 post
422 2734 616 2784 aquam
657 2714 837 2766 datam
884 2714 1163 2766 ecclesiam
1206 2713 1414 2783 ingredi
1457 2721 1512 2765 et
1556 2715 2016 2767 consecrationem
2067 2717 2267 2785 fugere,

260 2802 414 2870 cujus
441 2809 503 2852 ut
531 2800 665 2852 sciat
692 2819 927 2864 causam,
967 2800 1181 2851 modico
1223 2808 1533 2868 secretoque
1561 2799 1822 2852 foramine
1849 2802 1990 2853 facto
2016 2801 2071 2853 in
2098 2802 2268 2854 thala-

260 2905 409 2939 mum
435 2887 551 2955 ejus
578 2886 812 2937 occultas
838 2885 1014 2936 tendit
1038 2884 1278 2936 insidias,
1351 2885 1516 2937 Videt
1540 2903 1658 2938 eam
1684 2886 1846 2955 igitur
1871 2905 2083 2940 summo
2109 2906 2267 2940 mane

259 2973 346 3023 die
374 2969 659 3033 dominica,
697 2988 914 3039 egresso
953 2971 1019 3021 ad
1046 2970 1324 3022 ecclesiam
1354 2968 1642 3035 Hennone,
1669 2970 1923 3024 balneum
1949 2972 2266 3042 ingressam,

259 3066 315 3110 et
340 3057 406 3108 de
443 3055 803 3125 pulcherrima
839 3055 1061 3108 muliere
1090 3056 1374 3108 draconem
1401 3056 1534 3121 fieri,
1561 3063 1616 3108 et
1640 3057 1696 3108 in
1723 3058 1933 3111 modico
1956 3047 2268 3112 ⁴exilientem

260 3163 291 3195 a
315 3142 507 3194 balneo
535 3141 589 3192 in
615 3141 838 3210 pallium
870 3159 1075 3193 novum
1102 3141 1249 3210 quod
1275 3140 1324 3193 ei
1353 3142 1532 3210 puella
1558 3150 1819 3195 straverat
1844 3153 1899 3196 et
1932 3144 1989 3196 in
2017 3145 2267 3197 minutis-

261 3229 396 3282 sima
421 3228 590 3279 frusta
617 3226 869 3279 dentibus
896 3227 1030 3278 illud
1056 3227 1448 3291 concidentem,
1475 3235 1530 3280 et
1553 3227 1679 3280 inde
1699 3228 1754 3279 in
1779 3230 2050 3299 propriam
2071 3231 2267 3283 reverti

259 3315 506 3376 formam,
551 3330 670 3380 quae
705 3312 1056 3380 postmodum
1102 3329 1198 3380 per
1249 3311 1429 3363 omnia
1481 3312 1642 3364 simili
1693 3325 2008 3384 argumento
2052 3317 2264 3368 famulae

335 3415 523 3449 CAMD.
554 3413 675 3450 soe.
1944 3420 1973 3452 z
