2638 3860
393 415 492 462 186
1104 419 1414 455 GUAL'rssm
1456 417 1655 451 MAPEs
2052 416 2249 465 [Distinc.
2277 412 2349 451 lv,

389 585 459 620 ex
485 566 685 618 ultione
703 562 982 633 provenire
1000 578 1178 630 posse,
1197 567 1251 610 et
1268 559 1332 610 de
1353 558 1508 610 venia
1529 555 1733 625 [spem]
1761 555 2049 606 multarum
2072 554 2377 606 divitiarum

394 653 484 704 dat
529 651 659 718 ipse.
738 649 922 698 Haeret
959 647 1047 697 illa
1080 645 1315 707 tandem,
1342 651 1396 695 et
1428 644 1485 694 in
1527 660 1808 694 occursum
1852 641 1952 692 viri
1989 640 2071 691 sui
2111 646 2378 708 properat,

392 735 747 800 omnibusque
812 732 1056 783 revelatis
1101 730 1490 800 promissorum
1538 728 1701 779 illecti
1753 745 1847 795 spe
1898 725 2159 776 militibus
2204 725 2378 776 adhuc

393 817 777 870 excubantibus
808 835 902 886 per
929 824 1130 868 secreta
1157 815 1397 867 obscurae
1425 813 1629 866 semitae
1655 802 1947 881 ’VViganum
1986 811 2039 861 in
2069 817 2189 861 tuto
2217 810 2381 861 collo-

392 911 531 955 cant.
608 902 823 970 Colligit
865 921 988 970 ergo
1015 902 1154 953 vires
1180 900 1462 969 WiganUS,
1490 906 1545 950 et
1570 898 1824 950 enarratis
1852 896 2107 949 exercitui
2134 913 2231 946 suo
2258 912 2383 962 pro-

392 988 591 1040 ditione
630 997 684 1040 et
726 989 978 1039 timorum
1024 988 1296 1057 ereptione
1335 988 1390 1038 in
1431 986 1672 1038 omnium
1713 984 1880 1036 oculis
1919 982 2131 1051 cingulo
2175 980 2380 1032 militiae

392 1072 725 1126 liberatorem
757 1093 913 1125 suum
939 1075 1187 1137 honorat,
1215 1082 1267 1125 et
1290 1072 1471 1123 multis
1498 1070 1723 1140 praeficit
1749 1069 1942 1138 opibus
1970 1076 2024 1120 et
2048 1066 2197 1131 vicis,
2225 1067 2378 1135 cujus

394 1176 561 1228 usque
605 1158 763 1210 hodie
804 1167 1027 1227 nepotes
1066 1166 1259 1210 terram
1299 1157 1444 1207 illam
1482 1155 1781 1224 possident,
1822 1161 1877 1205 et
1907 1155 2016 1221 filii
2046 1153 2174 1203 medi
2199 1150 2382 1220 appel-

393 1242 587 1307 lantur,
615 1243 736 1312 quia
762 1243 848 1295 ille
875 1243 1079 1312 primus
1107 1243 1258 1312 quasi
1284 1261 1313 1293 a
1338 1240 1581 1292 nuditate
1606 1239 1835 1291 vestitus
1857 1238 1922 1289 de
1949 1253 2181 1305 paupere
2207 1237 2378 1286 factus

395 1336 479 1379 est
504 1329 668 1380 dives.
743 1330 818 1380 At
844 1329 1124 1397 WiganuS,
1149 1336 1212 1379 ut
1235 1327 1455 1396 injurias
1483 1324 1647 1394 patris
1666 1331 1720 1376 et
1746 1342 1867 1374 suas
1894 1321 2146 1384 vindicet,
2172 1320 2228 1371 in
2255 1320 2381 1371 Ala-

395 1430 526 1463 num
575 1413 777 1478 Rebrit,
823 1415 966 1483 quod
1015 1415 1394 1481 interpretatur
1442 1430 1536 1463 rex
1587 1409 1892 1472 Britonum‚
1957 1414 2106 1457 tanta
2154 1406 2386 1474 insurgit

395 1497 652 1565 potentia,
678 1507 739 1548 ut
774 1498 1021 1549 hostibus
1066 1498 1175 1549 suis
1221 1498 1287 1548 de
1326 1496 1491 1548 tantis
1529 1494 1753 1546 urbibus
1795 1501 1849 1544 et
1890 1492 2028 1543 villis
2073 1509 2183 1542 non
2227 1491 2387 1542 relin-

397 1591 589 1652 quatur
615 1583 705 1634 ubi
732 1592 892 1652 caput
927 1602 1084 1634 suum
1122 1582 1397 1644 reclinent,
1435 1588 1490 1632 et
1526 1588 1588 1631 ut
1624 1579 1765 1630 illius
1807 1577 2187 1629 crudelissimae
2213 1585 2390 1628 vasta-

397 1669 559 1720 tionis
611 1668 784 1720 adhuc
831 1669 1182 1720 ostendantur
1224 1674 1591 1727 monumenta,
1649 1664 1864 1715 urbium
1933 1662 2157 1725 eversio,
2221 1662 2389 1713 ruinae

399 1755 756 1819 ecclesiarum,
796 1763 1134 1807 attestantur.
1212 1753 1542 1821 Confugiens
1585 1752 1746 1819 igitur
1786 1750 1990 1801 Alanus
2036 1749 2102 1799 ad
2143 1767 2390 1799 socerum

401 1859 554 1891 suum
602 1859 779 1909 regem
809 1842 1154 1903 Francorum,
1192 1839 1363 1907 ipsius
1398 1838 1704 1889 interventu
1750 1836 1872 1886 data
1912 1835 2019 1885 filia
2052 1853 2148 1884 sua
2190 1834 2391 1885 scilicet

399 1927 597 1978 haeredi
641 1945 737 1978 suo
788 1927 1038 1995 Wigano‚
1089 1926 1156 1977 ad
1204 1943 1390 1993 pacem
1443 1923 1732 1991 suscipitur
1779 1921 2079 1973 restitutus,
2171 1920 2393 1974 Quievit

401 2020 578 2062 autem
627 2011 716 2062 diu
759 2020 814 2063 et
848 2012 994 2063 siluit
1030 2013 1130 2063 hac
1163 2010 1612 2062 confoederatione
1651 2015 1764 2059 tota
1800 2007 1889 2058 illa
1914 2007 2075 2075 regio.
2154 2005 2396 2074 Contigit

403 2097 693 2165 Wiganum
722 2116 840 2149 cum
870 2116 1034 2149 uxore
1062 2116 1157 2148 sua
1182 2097 1235 2147 in
1276 2096 1471 2148 scaccis
1498 2095 1771 2146 ludentem
1798 2094 1865 2144 ad
1892 2093 2120 2161 majores
2148 2110 2337 2160 operas
2363 2111 2394 2143 a

406 2183 514 2234 suis
541 2183 734 2246 vocari,
761 2183 1018 2251 liquitque
1043 2184 1161 2235 loco
1190 2202 1286 2234 suo
1311 2182 1522 2233 fidelem
1552 2181 1654 2231 sibi
1681 2180 1902 2231 militem
1931 2186 1993 2229 ut
2019 2197 2141 2230 cum
2178 2178 2395 2229 domina

402 2269 588 2320 ludum
627 2269 774 2319 illum
821 2269 999 2320 finiret
1031 2276 1085 2320 et
1123 2267 1368 2319 abcessit.
1445 2266 1585 2316 Cum
1626 2283 1750 2333 ergo
1793 2264 2010 2315 domina
2048 2263 2283 2328 vicisset,
2323 2264 2397 2315 ait

402 2352 558 2404 militi
585 2370 763 2403 secum
791 2353 1015 2416 ludenti,
1056 2356 1091 2381 ‘⁶
1118 2353 1246 2403 Non
1273 2351 1390 2415 tibi,
1430 2351 1524 2402 sed
1563 2349 1679 2401 orbi
1708 2349 1818 2400 filio
1860 2349 2018 2399 mat.'’
2095 2349 2258 2402 Quod
2298 2349 2398 2400 im-

402 2437 706 2506 properium
730 2438 992 2506 Wiganus
1013 2457 1132 2490 cum
1157 2437 1524 2506 aequanimiter
1548 2437 1683 2487 ferre
1709 2454 1818 2486 non
1845 2442 2046 2504 posset,
2073 2435 2140 2485 ad
2160 2434 2394 2486 Alanum

404 2522 593 2573 Rebrit
635 2540 926 2590 properans
969 2521 1250 2591 inopinum
1295 2521 1508 2585 invasit,
1555 2521 1645 2590 qui
1689 2522 1963 2573 confectus
2009 2520 2075 2571 ad
2120 2520 2397 2572 ecclesiam

403 2607 545 2659 beati
574 2607 718 2657 Lewi
745 2608 984 2676 confugit
1011 2608 1174 2671 solus,
1201 2615 1254 2658 et
1289 2607 1468 2658 clauso
1506 2606 1685 2658 hostio
1713 2606 1939 2674 supplex
1966 2605 2138 2657 oravit
2178 2605 2397 2657 beatum

405 2692 644 2744 Lewium
673 2693 922 2761 quatinus
949 2694 1173 2745 alterum
1202 2693 1497 2744 custodiret
1541 2692 1743 2744 meritis
1787 2692 1897 2742 suis
1925 2692 2053 2742 dum
2084 2691 2201 2760 ipse
2236 2692 2396 2743 armis

404 2779 457 2830 in
488 2778 651 2829 altero
671 2778 959 2830 restitisset
983 2778 1249 2830 hostibus.
1325 2779 1498 2829 Erant
1522 2778 1577 2828 in
1605 2777 1826 2829 ecclesia
1846 2777 1964 2828 duae
1990 2785 2178 2846 portae.
2256 2777 2397 2830 Cum

406 2864 566 2931 igitur
599 2881 707 2914 non
743 2872 968 2932 possent
1005 2865 1189 2915 hostes
1222 2882 1336 2933 per·
1361 2872 1570 2933 portam
1612 2863 1799 2928 sancti,
1837 2881 1931 2932 per
1970 2882 2121 2914 suam
2161 2863 2287 2915 licet
2310 2864 2401 2915 vix

408 2948 630 3016 ingressi
671 2948 990 2999 abstrahunt
1032 2948 1225 3012 virum,
1264 2957 1318 2999 et
1353 2966 1531 2999 coram
1571 2947 1792 2999 ecclesia
1829 2947 2150 3016 genitalibus
2187 2949 2402 3017 privant

409 3042 462 3084 et
481 3034 677 3098 oculis;
705 3034 847 3085 unde
867 3035 1067 3086 factum
1096 3042 1179 3085 est
1204 3043 1265 3085 ut
1299 3034 1355 3084 in
1379 3034 1522 3084 illius
1551 3034 1725 3085 sancti
1743 3033 1891 3085 Lewi
1916 3034 2167 3102 parochia
2191 3036 2400 3088 nullum

410 3118 603 3169 animal
627 3137 810 3186 parere
830 3119 1003 3187 possit
1021 3119 1196 3170 adhuc
1215 3119 1308 3170 sed
1329 3127 1537 3170 maturo
1557 3126 1716 3187 partu
1736 3119 2080 3188 egrediuntur
2096 3127 2157 3170 ut
2175 3121 2402 3189 pariant.

414 3201 679 3270 Wiganus
724 3212 785 3254 ut
827 3205 984 3272 plena
1026 3204 1283 3273 glorietur
1331 3205 1554 3269 ultione,
1605 3204 1794 3256 ablatis
1854 3223 2036 3257 secum
2086 3205 2141 3256 in
2192 3206 2404 3259 monica

414 3285 624 3337 sinistra
664 3289 831 3339 oculis
866 3298 919 3340 et
959 3289 1282 3358 genitalibus
1325 3290 1502 3354 Alani,
1543 3290 1712 3342 celato
1758 3299 1813 3342 et
1846 3291 1985 3342 facto
2031 3298 2086 3342 et
2123 3291 2402 3358 proposito

409 3370 541 3422 facie
575 3372 758 3439 jocosa
795 3381 849 3424 et
890 3374 1061 3439 hilari,
1101 3375 1325 3426 domum
1369 3393 1614 3427 reversus
1659 3394 1780 3427 cum
1825 3394 1991 3428 uxore
2042 3375 2286 3428 considet
2335 3379 2399 3430 ad
