2638 3860
349 316 450 368 Cap.
474 318 555 369 iii.]
967 319 1044 353 DE
1089 319 1273 355 NUG1s
1315 318 1693 355 oURIAmUM.
2239 301 2335 348 151

320 457 462 508 fama
488 457 750 510 castitatis
777 457 1110 528 privilegiata
1137 467 1464 524 constanter,
1491 459 1711 511 tandem
1742 454 2052 527 Appollinis
2080 471 2342 524 oppressa

318 543 696 611 phantasmate
738 544 988 613 concepit
1029 544 1344 613 peperitque
1388 544 1688 596 Platonem.
1763 541 1972 606 Amice,
1999 558 2123 592 ecce
2175 557 2336 608 quam

318 626 577 679 illibatam
631 636 978 680 servaverunt
1016 629 1230 698 vigiliae,
1270 629 1552 681 defloravit
1589 627 1769 680 illusio
1807 644 1904 696 per
1947 624 2238 688 somnium,
2278 632 2339 675 ut

323 733 534 782 semper
560 732 720 766 omne
747 715 1011 766 rosarium
1038 715 1216 784 aliquo
1238 714 1455 767 turbine
1478 734 1575 766 sua
1600 732 1838 784 purpura
1875 712 2154 782 spolietur.
2232 710 2343 762 Sed

319 798 477 862 bene,
506 800 550 850 si
577 799 706 868 quid
733 799 808 851 sic
834 799 990 864 bene,
1012 800 1158 868 quod
1194 800 1506 869 patrissavit
1534 801 1686 852 Plato
1713 800 1769 851 in
1799 798 2082 868 sapientia,
2109 805 2163 849 et
2192 795 2340 865 quod

323 883 511 936 similis
537 886 710 937 factus
737 886 908 938 haeres
937 885 1176 936 numinis
1218 892 1274 937 et
1316 885 1552 937 nominis
1595 885 1764 954 patris
1790 882 2067 953 praecipui.
2130 882 2339 946 Amice,

321 970 529 1022 miraris
563 990 631 1022 an
657 971 952 1040 indignaris
981 971 1166 1040 magis,
1196 971 1341 1039 quod
1367 971 1423 1022 in
1449 970 1717 1040 parabolis
1756 969 1856 1022 tibi
1884 968 2179 1039 significem
2206 987 2338 1036 gen-

321 1056 441 1108 tiles
460 1056 772 1120 imitandOS,
796 1056 1105 1109 Christiano
1122 1057 1395 1121 idolatraS,
1417 1075 1554 1125 agno
1574 1057 1752 1126 lupOS,
1772 1055 1919 1107 bono
1945 1055 2143 1107 malos?
2195 1055 2337 1106 Volo

322 1143 396 1195 sis
440 1151 834 1212 argumentosae
878 1143 967 1212 api
1014 1143 1221 1207 similis,
1249 1161 1370 1212 quae
1414 1144 1522 1194 mel
1570 1143 1714 1195 elicit
1744 1161 1810 1195 ex
1853 1142 2040 1206 urtica,
2075 1150 2136 1193 ut
2179 1150 2234 1193 et
2277 1149 2340 1193 tu

321 1246 479 1297 sugas
524 1229 632 1280 mel
682 1229 748 1281 de
793 1237 946 1297 petra
995 1236 1050 1280 et
1099 1229 1278 1281 oleum
1330 1229 1396 1280 de
1439 1247 1572 1281 saxo
1615 1228 1958 1281 durissima*
2036 1228 2337 1280 Gentilium

320 1314 449 1366 novi
476 1313 912 1383 superstionem3
953 1314 1048 1365 sed
1075 1314 1252 1366 omnis
1279 1322 1519 1367 creatura
1557 1315 1663 1383 Dei
1701 1314 1920 1384 aliquod
1957 1313 2123 1365 habet
2157 1331 2338 1365 exem-

320 1401 437 1470 plar
480 1401 712 1465 honesti,
753 1402 898 1453 unde
935 1401 1052 1470 ipse
1079 1409 1197 1452 tum
1246 1401 1330 1453 leo
1372 1409 1491 1452 tum
1531 1401 1726 1453 vermis
1766 1409 1883 1452 tum
1923 1400 2058 1452 aries
2098 1400 2338 1453 discitur.

323 1486 558 1538 Plurima
584 1506 832 1556 perverse
859 1495 1027 1557 agunt
1051 1487 1332 1551 increduli,
1359 1488 1534 1557 aliqua
1559 1496 1742 1540 tamen
1769 1495 1936 1557 agunt
1973 1505 2091 1556 quae
2117 1487 2242 1539 licet
2279 1486 2335 1537 in

320 1572 453 1641 ipsis
497 1573 766 1625 intereant
807 1574 862 1625 in
905 1574 1064 1626 nobis
1109 1574 1324 1626 abunde
1362 1575 1600 1627 fructum
1626 1575 1880 1626 facerent.
1959 1574 2123 1628 Quod
2169 1574 2214 1625 si
2257 1574 2332 1625 illi

322 1677 485 1710 zonas
525 1659 815 1711 habuerint
851 1660 1118 1729 pelliceaS,
1165 1660 1281 1712 sine
1315 1678 1428 1729 spe,
1471 1660 1586 1712 sine
1623 1660 1750 1724 fine,
1791 1659 1906 1711 sine
1945 1659 2181 1724 caritate,
2221 1660 2336 1712 sine

322 1745 758 1814 praedicamento,
785 1748 1027 1815 profecto
1053 1765 1154 1798 nos
1185 1746 1230 1798 si
1268 1746 1527 1798 fuerimus
1556 1746 1692 1798 asini
1716 1747 1805 1799 vel
1855 1765 1978 1798 sues
2029 1754 2122 1798 aut
2165 1747 2341 1816 aliqua

321 1830 660 1884 inhumanite
721 1832 1006 1885 brutorum
1071 1833 1292 1897 similes,
1358 1851 1463 1901 quo
1536 1832 1681 1896 fidei,
1745 1851 1853 1902 quo
1917 1832 2169 1896 caritatis,
2233 1852 2339 1901 quo

324 1916 440 1985 spei
489 1916 683 1968 merito
736 1917 883 1986 digni
932 1917 1277 1986 reperiemur,
1323 1936 1447 1969 cum
1496 1917 1775 1970 videamus
1820 1918 2132 1986 prophetaS,
2182 1936 2341 1988 apos-

323 2001 482 2066 tolos‚
520 2010 574 2053 et
611 2003 880 2072 praecipue
921 2003 1254 2072 praecipuum
1296 2003 1448 2053 illum
1500 2002 1690 2054 mundi
1741 2002 1918 2054 cordis
1963 2021 2119 2072 quem
2162 2005 2337 2056 solum

324 2105 539 2139 cernere
583 2095 817 2156 possunt
867 2088 1035 2140 oculi?
1129 2087 1245 2139 Aut
1309 2088 1355 2139 si
1404 2088 1481 2139 illi
1532 2088 1712 2140 studio
1760 2107 1978 2140 suarum
2030 2089 2225 2140 artium
2283 2108 2339 2142 se

324 2173 510 2225 multis
555 2173 839 2225 conatibus
878 2174 1200 2238 afflixerunt,
1241 2175 1391 2226 nullo
1431 2175 1626 2227 futurae
1664 2175 1933 2226 felicitatis
1983 2175 2202 2239 intuitu,
2243 2177 2337 2228 sed

323 2266 535 2310 tantum
574 2278 643 2311 ne
681 2260 887 2311 animas
926 2260 1190 2312 haberent
1226 2260 1553 2329 ignorantes,
1581 2260 1709 2330 quid
1749 2260 1907 2311 nobis
1946 2260 2047 2312 erit
2084 2279 2181 2329 pro
2209 2281 2338 2331 neg-

324 2344 462 2396 lecta
489 2345 669 2397 divina
694 2346 903 2415 pagina,
931 2347 1084 2415 cujus
1110 2346 1234 2397 finis
1260 2346 1457 2398 veritas
1479 2354 1579 2411 est,
1602 2355 1657 2397 et
1693 2346 2014 2397 illuminatio
2042 2354 2096 2397 et
2120 2347 2337 2399 lucerna

324 2430 573 2499 pedibus,
615 2439 670 2483 et
718 2432 899 2482 lumen
957 2431 1162 2482 semitis
1217 2431 1284 2482 ad
1323 2431 1496 2483 lucem
1549 2433 1842 2483 aeternam?
1921 2431 2147 2484 Utinam
2199 2433 2338 2485 hanc

325 2515 506 2584 eligas,
551 2516 761 2567 utinam
801 2516 940 2568 hanc
964 2516 1127 2584 legas,
1153 2515 1364 2566 utinam
1402 2516 1541 2567 hanc
1579 2515 1891 2567 introducas
1929 2515 1986 2566 in
2025 2515 2332 2568 cubiculum

322 2608 496 2665 tuum,
522 2609 584 2652 ut
608 2601 916 2652 introducat
958 2608 1011 2652 te
1038 2619 1132 2652 rex
1156 2600 1213 2651 in
1242 2619 1416 2652 suum.
1496 2601 1656 2652 Hanc
1683 2601 1889 2651 dudum
1928 2600 2150 2652 floribus
2188 2602 2329 2653 veris

323 2689 405 2740 tui
431 2687 722 2740 subarrasti
742 2709 756 2752 3
797 2688 911 2739 haec
940 2687 997 2739 in
1035 2694 1221 2739 aestate
1248 2694 1496 2756 expectat
1530 2694 1623 2738 tua
1661 2695 1722 2739 ut
1758 2687 1918 2739 facias
1957 2705 2089 2738 uvas
2109 2708 2124 2752 3
2163 2687 2327 2756 hujus

323 2775 381 2826 in
405 2774 657 2844 injuriam
683 2793 793 2826 non
821 2775 984 2826 ducas
1006 2773 1181 2838 aliam,
1208 2792 1275 2825 ne
1301 2773 1358 2824 in
1379 2781 1622 2842 tempore
1639 2773 1925 2826 vindemiae
1942 2773 2103 2825 facias
2124 2772 2332 2824 labrus-

326 2879 430 2912 cas.
506 2861 733 2912 Veneris
761 2869 814 2912 te
840 2861 967 2912 nolo
994 2860 1108 2913 fieri
1149 2878 1429 2929 sponsum,
1470 2860 1564 2912 sed
1596 2859 1824 2911 Palladis
1847 2881 1861 2925 3
1899 2860 2015 2911 haec
2041 2867 2094 2911 te
2121 2860 2334 2912 ornabit

325 2946 618 2999 monilibus
645 2947 913 3016 pretiosiS,
939 2947 1056 2999 haec
1089 2954 1143 2999 te
1168 2946 1359 2998 induet
1383 2954 1534 2998 veste
1571 2947 1830 3016 nuptiali3
1866 2947 1951 2999 hae
1990 2946 2193 3015 nuptiae
2219 2947 2333 3016 glo-

325 3033 606 3085 riabuntur
634 3033 882 3102 Apolline
902 3033 1300 3103 paranymph03
1328 3034 1518 3084 harum
1545 3033 1881 3085 fescenninas
1909 3032 2120 3086 decebit
2145 3033 2332 3085 cedros

328 3117 540 3170 Libani.
616 3117 828 3169 Stilbon
879 3125 1156 3182 uxoratUS,
1202 3135 1355 3186 spem
1392 3118 1554 3186 hujus
1593 3125 1704 3170 tam
1745 3118 2057 3171 desideratae
2097 3118 2331 3171 solenni-

1032 3281 1057 3308 *
1088 3283 1381 3322 Deuteronom.
1404 3283 1529 3322 xxxii.
1557 3285 1618 3323 13.
