2638 3860
382 368 483 420 Cap.
500 370 592 420 vii.]
951 370 1027 403 DE
1058 371 1240 405 Nucis
1272 372 1646 410 comiaclum·
2223 362 2327 422 237

326 509 511 577 quavis
568 508 777 578 injuria,
828 510 1046 562 fremuit
1090 511 1398 582 objurgans.
1475 514 1581 566 Die
1631 514 1890 567 cessionis
1942 515 2182 585 praedicti
2231 518 2331 570 viri

324 594 648 647 beatificavit
678 613 801 647 eum
846 595 1098 647 dominus
1137 615 1231 649 rex
1272 599 1584 651 cancellaria
1631 619 1744 666 sua,
1787 601 2125 671 sigillumque
2174 620 2332 653 suum

326 682 585 750 appendit
610 682 748 734 collo
773 682 1109 751 gratulantiS,
1138 685 1283 753 quod
1319 685 1436 754 ipse
1476 687 1734 755 praedicto
1761 688 1896 757 Map
1923 688 2215 740 ostendens
2241 688 2331 752 ait,

326 772 359 797 “
377 768 578 820 Omnia
604 777 883 821 cesserunt
908 769 1008 820 tibi
1033 770 1100 821 ad
1125 781 1318 822 nutum
1346 772 1412 823 de
1440 772 1611 842 sigillo
1637 774 1819 843 gratis,
1857 785 1912 826 at
1944 793 2009 826 ex
2054 775 2157 827 hoc
2186 793 2332 826 nunc

324 873 423 906 nec
448 874 618 906 unum
646 854 989 924 extorquebis
1015 855 1350 908 breviculum
1375 856 1501 909 inde
1528 858 1672 927 quod
1699 877 1810 910 non
1836 859 2067 911 redimas
2102 868 2331 928 quatuor

324 941 613 992 nummis.''
691 941 795 992 Cui
847 941 1000 1009 Map,
1047 945 1081 970 “
1099 942 1219 994 Deo
1268 942 1493 1011 gratias!
1551 943 1696 996 bono
1750 962 1870 996 meo
1919 945 2143 1014 gradum
2187 946 2331 997 hunc

324 1026 630 1091 ascendisti,
657 1027 1000 1095 quorundum
1043 1027 1399 1079 infortunium
1459 1028 1683 1080 aliorum
1727 1047 2007 1081 successus
2054 1038 2154 1095 est,
2188 1049 2329 1083 anno

324 1113 595 1180 praeterito
623 1122 850 1182 quatuor
876 1131 1079 1165 marcas
1106 1114 1348 1186 exegisti,
1374 1132 1519 1166 nunc
1545 1122 1775 1183 quatuor
1817 1114 2119 1167 denari08.”
2195 1116 2330 1168 Post

324 1198 439 1249 haec
466 1206 663 1262 autem,
690 1217 814 1250 cum
840 1217 1081 1250 essemus
1107 1199 1163 1250 in
1189 1199 1520 1268 Andegavia,
1545 1200 1874 1269 vidissetque
1917 1201 1999 1252 vir
2041 1200 2130 1252 ille
2154 1201 2329 1270 regius

325 1283 627 1336 Walterum
654 1303 684 1335 a
711 1284 1100 1336 Constanciis*
1128 1285 1196 1336 ad
1222 1286 1521 1354 dompnum
1549 1286 1841 1338 Ricardum
1885 1286 2329 1338 Cantuariensem

324 1371 788 1441 archiepiscopum
838 1371 1032 1434 vocari,
1084 1372 1509 1423 consecrandum
1552 1372 1620 1423 ad
1664 1374 2035 1442 episcopatum
2085 1371 2152 1423 ab
2208 1370 2329 1440 ipso

324 1457 671 1526 resignatum,
714 1456 924 1526 aperuit
965 1456 1167 1509 invidia
1210 1464 1340 1509 tunc
1379 1458 1564 1510 oculos
1603 1458 1738 1526 eJUS,
1777 1466 1833 1509 et
1870 1456 2172 1525 obstupuit,
2210 1463 2329 1508 tan-

327 1543 557 1611 demque
582 1541 874 1610 resumptis
907 1540 1111 1592 viribus
1138 1542 1445 1610 appellavit.
1524 1542 1800 1611 Mitigavit
1825 1559 1950 1594 eum
1977 1541 2249 1604 dominuS‚
2277 1549 2332 1592 et

325 1628 575 1696 promisit
619 1627 668 1679 ei
710 1628 913 1679 reditus
957 1646 1092 1696 quos
1130 1627 1186 1679 in
1226 1628 1487 1680 electione
1530 1628 1851 1697 perdiderat.
1927 1628 2054 1697 Ipse
2093 1645 2220 1680 vero
2246 1627 2332 1680 cui

325 1721 455 1766 tunc
495 1714 731 1783 primum
758 1714 936 1765 visum
965 1722 1064 1778 est,
1093 1714 1328 1765 secunda
1371 1732 1495 1765 cum
1536 1714 1851 1783 episcopatu
1877 1713 2041 1765 simul
2071 1713 2330 1777 amisisse,

326 1798 441 1849 sine
470 1816 565 1867 spe
591 1798 847 1850 talionem
873 1797 1189 1850 redibuisse.
1257 1798 1464 1849 Videns
1491 1815 1615 1866 ergo
1638 1798 1791 1867 Map,
1812 1797 1905 1866 qui
1925 1815 2036 1849 suae
2062 1798 2330 1865 quondam

323 1883 628 1953 praebendae
679 1884 968 1935 canonicus
1013 1893 1126 1935 erat
1180 1883 1504 1947 LundoniiS,
1538 1883 1850 1953 ingeminat,
1878 1887 1912 1913 “
1933 1884 2147 1935 Reddes
2195 1901 2331 1952 proe-

325 1969 559 2023 bendani
586 1989 761 2022 meam
805 1978 861 2022 et
897 1970 1144 2021 nolens.''
1222 1970 1388 2038 Map:
1444 1972 1477 2000 “
1497 1969 1675 2021 Immo
1702 1977 1844 2021 certe
1870 1970 2076 2033 volenS,
2103 1969 2149 2020 si
2174 1978 2329 2038 potes

327 2056 508 2108 omnia
537 2074 656 2125 quae
684 2056 845 2125 gratis
874 2055 1101 2106 amisisti
1128 2073 1224 2124 per
1249 2054 1464 2124 aliquod
1489 2054 1767 2124 ingenium
1793 2055 2156 2124 recuperare.'’

460 2250 856 2316 Recapitulatio
874 2250 1134 2316 principii
1160 2248 1312 2314 hujus
1338 2248 1459 2299 libri
1487 2248 1549 2299 ob
1576 2249 1935 2299 diversitatem
1962 2248 2123 2298 literoe
2149 2255 2199 2299 et

1038 2353 1140 2386 non
1165 2335 1444 2386 sententiae.
1520 2333 1610 2402 vij.

398 2478 737 2548 Augustinus
776 2477 904 2542 ait,†
949 2480 983 2507 ‘⁸'
1006 2478 1072 2529 In
1117 2485 1358 2545 tempore
1401 2494 1519 2527 sum
1559 2483 1613 2527 et
1652 2475 1717 2527 de
1755 2483 1997 2543 tempore
2034 2474 2239 2542 loquor,
2273 2482 2328 2526 et

325 2564 505 2617 nescio
533 2564 662 2634 quid
690 2565 760 2616 sit
784 2563 1055 2632 tempus.''
1132 2562 1306 2614 Simili
1332 2580 1556 2630 possum
1583 2560 1935 2611 admiratione
1963 2559 2154 2623 dicere,
2181 2559 2325 2628 quod

324 2652 382 2701 in
428 2651 574 2702 curia
619 2669 758 2714 sum,
793 2659 848 2702 et
891 2650 957 2701 de
1001 2648 1146 2701 curia
1184 2648 1392 2717 loquor,
1439 2655 1494 2699 et
1533 2645 1662 2715 quid
1697 2645 1814 2714 ipsa
1841 2645 1910 2696 sit
1935 2662 2043 2696 non
2069 2644 2324 2713 intelligo·

329 2737 451 2789 Scio
496 2746 678 2789 tamen
722 2736 868 2805 quod
908 2735 1025 2804 ipsa
1069 2743 1284 2803 tempus
1311 2751 1419 2784 non
1447 2741 1547 2784 est.
1626 2731 1958 2799 Temporalis
1985 2730 2199 2800 quidem
2226 2737 2326 2793 est,

331 2822 602 2875 mutabilis
642 2829 698 2874 et
733 2820 896 2884 varia,
937 2819 1120 2871 localis
1167 2827 1221 2870 et
1264 2817 1501 2881 erratica,
1547 2824 1824 2884 statusque
1869 2815 2174 2867 diversitate
2225 2813 2326 2865 sibi

328 2927 470 2978 saepe
522 2907 813 2959 dissimilis,
905 2905 1226 2957 Recedimus
1279 2903 1345 2955 ab
1402 2921 1463 2955 ea
1512 2903 1835 2970 frequenter,
1887 2909 1941 2953 et
1996 2901 2324 2964 revertimur,

329 2993 467 3045 sicut
491 3000 779 3060 utrumque
807 2990 974 3042 dictat
998 3007 1174 3041 rerum
1200 2988 1480 3056 exigentia.
1557 2986 1698 3038 Cum
1737 3004 1853 3037 eam
1891 2984 2115 3047 eximuS,
2153 2991 2322 3035 totam

383 3150 406 3172 ²*
436 3148 594 3186 Walter
624 3147 673 3185 de
707 3145 939 3185 Coutances
972 3157 1052 3182 was
1078 3143 1300 3182 vice-chan·
1357 3140 1617 3180 consecrated
1650 3139 1704 3191 by
1732 3139 1800 3178 the
1821 3138 2067 3189 archbishop
2097 3137 2144 3176 of
2159 3136 2326 3176 Canter-

329 3218 453 3257 cellor
477 3217 523 3254 of
539 3215 740 3265 England.
783 3214 832 3252 In
855 3213 971 3260 1183,
991 3212 1094 3251 after
1114 3210 1302 3260 Geoffrey
1357 3210 1461 3259 bury
1480 3211 1521 3246 at
1539 3208 1690 3258 Anjou,
1709 3207 1842 3245 where
1861 3206 1930 3244 the
1949 3209 2066 3244 court
2086 3204 2182 3243 then
2202 3216 2297 3244 was.

328 3286 408 3325 had
433 3283 707 3334 relinquished
726 3283 771 3329 it,
793 3283 860 3320 the
880 3293 946 3319 see
966 3280 1012 3318 of
1030 3279 1203 3318 Lincoln
1224 3291 1303 3316 was
1410 3277 1438 3323 †
1467 3275 1655 3314 Confess.
1690 3274 1762 3312 lib.
1798 3274 1853 3312 xi.
1887 3286 1975 3323 cap.
2017 3274 2083 3311 25.
2156 3271 2229 3311 See
2260 3272 2327 3310 the

330 3356 448 3405 given
479 3359 521 3391 to
556 3352 713 3390 Walter
742 3351 790 3389 de
821 3350 1065 3395 Coutances,
1100 3347 1188 3385 who
1225 3358 1305 3384 was
1361 3347 1709 3384 commencement
1729 3342 1774 3380 of
1790 3341 1872 3380 this
1892 3342 2070 3379 treatise.
