2638 3860
342 408 446 453 224
1050 411 1356 447 GUALTEm
1399 409 1599 444 MAPEs
2029 407 2226 457 [Distine.
2248 407 2301 445 V.

343 577 410 610 ex
435 555 697 626 episcopis
735 554 1051 622 adjutorem,
1091 559 1206 603 tum
1233 550 1356 620 quia
1384 548 1653 600 Robertus
1681 547 1840 598 frater
1866 547 1982 614 ejus
2007 555 2139 598 natu
2166 547 2334 615 major

342 641 674 694 Jerosolimis
730 638 933 708 agebat,
977 645 1094 689 tum
1150 638 1274 706 quia
1328 644 1458 687 tunc
1514 634 1687 685 adhuc
1743 631 1992 683 exulabat
2049 633 2335 683 Anselmus

344 744 500 794 quem
538 723 726 775 merito
764 722 1043 774 timebant.
1120 721 1380 773 Girardus
1431 727 1610 770 autem
1659 716 2070 779 Herefordensis
2108 716 2337 785 ignomi-

343 811 526 862 niosus
566 810 865 878 episcopus,
892 815 1048 876 pacto
1089 807 1190 859 sibi
1218 806 1317 858 sub
1338 807 1646 874 juramento
1674 802 2135 871 archiepiscopatu
2161 802 2337 871 priore

341 901 579 956 vacante,
618 892 894 944 coronavit
918 893 1095 944 eum.*
1139 891 1399 942 Videntes
1426 897 1604 941 autem
1633 896 1687 940 et
1714 888 1942 940 scientes
1969 887 2156 957 populi
2184 887 2332 938 Hen-

341 980 510 1030 ricum
541 979 748 1047 justum
787 985 841 1029 et
879 985 1177 1039 strenuum,
1216 981 1521 1027 annuerunt
1547 991 1670 1025 cum
1707 970 2040 1040 principibus
2080 971 2171 1040 qui
2209 979 2338 1023 tunc

342 1066 576 1127 aderant,
615 1072 669 1115 et
706 1064 1146 1126 acclamaverunt,
1185 1069 1239 1113 et
1277 1080 1386 1113 non
1425 1060 1527 1111 fuit
1565 1059 1655 1127 qui
1685 1059 2013 1110 reclamaret.
2089 1057 2340 1113 Decessit

341 1158 520 1200 autem
576 1148 840 1199 Alvredus
893 1146 1250 1199 Eboracensis
1315 1145 1764 1214 archiepiscopus,
1815 1143 1897 1195 vir
1952 1143 2190 1204 illustris,
2247 1142 2339 1213 qui

342 1233 632 1285 Willielmo
682 1233 793 1301 regi
842 1233 1097 1301 praedicto
1136 1231 1357 1283 viriliter
1396 1231 1726 1293 adversatUS,
1765 1228 2042 1281 ecclesiam
2082 1247 2233 1279 suam
2271 1227 2339 1279 ab

341 1320 459 1388 ipso
485 1320 594 1370 fere
624 1319 769 1369 solus
811 1317 1147 1370 conservavit
1190 1318 1451 1386 integram
1497 1324 1551 1368 et
1595 1315 1922 1379 indemnem,
1961 1315 2076 1366 aliis
2115 1313 2181 1365 ab
2219 1315 2339 1383 ipso

342 1405 600 1456 laceratis,
687 1403 889 1455 Aderat
941 1411 1119 1454 autem
1170 1403 1280 1472 regi
1321 1402 1559 1454 Henrico
1601 1401 1880 1465 Girardus‚
1918 1409 2075 1469 pacto
2113 1401 2340 1452 instans.

344 1491 461 1543 Rex
487 1498 665 1542 autem
689 1489 975 1542 Simoniaci
1000 1489 1268 1558 poenitens
1294 1489 1564 1552 introitus,
1586 1488 1783 1540 obtulit
1809 1487 1857 1539 ei
1886 1488 2341 1540 Herefordensem

343 1576 708 1644 episcopatum
748 1575 999 1643 ampliare
1037 1575 1218 1626 fundis
1257 1575 1321 1626 ad
1376 1574 1803 1643 aequivalentiam
1853 1573 2341 1642 archiepiscopatus

343 1661 582 1730 praedicti
609 1669 663 1712 et
687 1660 987 1712 libertatem
1013 1668 1266 1712 aeternam
1294 1668 1548 1730 quantam
1586 1659 1751 1711 habet
1791 1658 2174 1711 Dunelmensis
2201 1658 2342 1727 epis·

345 1754 584 1815 copatuS‚
622 1746 677 1797 in
717 1764 822 1814 quo
860 1746 1040 1797 nullus
1093 1745 1337 1797 minister
1388 1745 1564 1814 regius
1618 1744 1815 1813 aliquid
1855 1762 2007 1813 agere
2045 1744 2129 1796 vel
2169 1752 2343 1796 atten-

343 1839 454 1883 tare
479 1840 696 1900 potest3
735 1831 973 1900 episcopi
1002 1839 1128 1882 sunt
1156 1849 1344 1882 omnes
1370 1836 1664 1899 potestates
1693 1837 1747 1881 et
1773 1829 1952 1880 omnia
1963 1831 2099 1898 jura.
2161 1830 2344 1881 Girar-

348 1917 447 1967 dus
474 1926 670 1981 autem,
698 1917 909 1968 diabolo
936 1917 1145 1986 plenus,
1173 1916 1354 1967 omnia
1397 1915 1742 1983 contempsit,
1768 1923 1822 1966 et
1846 1915 2019 1965 factus
2058 1916 2345 1984 archiepis-

347 2018 514 2068 copus
565 2001 733 2052 multa
770 2001 896 2052 fecit
931 2000 1421 2052 immisericorditer
1471 2007 1526 2050 et
1577 1998 1802 2051 immite.
1879 2000 2125 2053 Quadam
2164 2008 2344 2052 autem

348 2086 432 2137 die
469 2094 596 2154 post
633 2104 835 2137 coenam
875 2087 1018 2155 apud
1058 2086 1282 2138 Suwelle
1320 2086 1374 2136 in
1402 2085 1638 2154 pretioso
1665 2092 1847 2153 tapeto
1874 2085 2139 2153 pulvinari
2177 2086 2345 2138 serico

351 2169 611 2220 subnixus
638 2170 777 2221 inter
802 2171 1019 2221 clericos
1049 2189 1174 2221 suos
1202 2170 1527 2221 obdormivit
1552 2177 1607 2220 et
1632 2170 1946 2238 expiravit.†
2021 2170 2138 2221 Rex
2165 2178 2345 2222 autem

351 2254 615 2306 Henricus
671 2254 982 2323 proficiebat
1018 2254 1074 2305 in
1118 2272 1299 2323 regno,
1353 2262 1407 2306 et
1463 2255 1704 2323 quamvis
1759 2255 2039 2307 habuisset
2092 2255 2348 2308 vitiosum

348 2341 663 2409 ingressum,
702 2358 889 2391 omnes
929 2340 1235 2392 decessores
1291 2359 1416 2392 suos
1467 2341 1722 2409 regimine
1760 2342 2047 2411 tranquillo
2097 2342 2243 2406 vicit,
2294 2350 2350 2394 et

349 2427 546 2478 divitiis
585 2434 639 2478 et
677 2426 883 2495 magnis
922 2444 1017 2495 per
1055 2434 1231 2478 totum
1274 2427 1730 2479 christianismum
1771 2428 2078 2498 impendiis.
2151 2430 2256 2481 Ter
2291 2429 2349 2481 in

353 2531 491 2563 anno
529 2512 792 2564 vestiebat
830 2513 1166 2564 Lodovicum
1206 2514 1444 2565 Franciae
1484 2532 1664 2582 regem
1714 2522 1769 2565 et
1817 2515 1996 2582 plures
2048 2515 2350 2584 principum

353 2616 586 2649 suorum.
664 2598 903 2666 Scriptos
942 2599 1175 2651 habebat
1214 2618 1403 2652 omnes
1444 2600 1668 2652 comites
1696 2608 1750 2651 et
1774 2600 2002 2653 barones
2039 2609 2194 2653 terrae
2222 2620 2351 2666 suae,

353 2682 734 2750 constituitque
773 2682 849 2733 eis
888 2683 943 2734 in
1001 2684 1237 2735 adventu
1275 2684 1361 2735 vel
1399 2703 1548 2736 mora
1593 2685 1752 2737 curiae
1797 2704 1907 2737 suae
1946 2694 2088 2738 certa
2126 2687 2352 2738 exennia

356 2767 546 2835 quibus
585 2784 675 2819 eos
712 2768 1027 2833 honorabat,
1065 2769 1121 2820 in
1161 2770 1413 2834 candelis,
1440 2788 1596 2839 pane,
1635 2771 1883 2840 vinoque.
1960 2771 2352 2841 Quemcunque

352 2853 605 2920 juvenem
643 2853 780 2904 infra
817 2862 1031 2905 montes
1070 2854 1295 2922 Alpium
1334 2854 1585 2906 audiebat
1622 2863 1927 2924 captantem
1977 2855 2107 2907 boni
2154 2857 2351 2909 famam

410 3041 435 3067 *
466 3043 618 3082 Gerard
647 3045 887 3097 archbishop
922 3046 968 3085 of
991 3046 1107 3085 York
1133 3060 1212 3086 was
1248 3060 1324 3086 one
1382 3048 1573 3095 Thomas,
1621 3048 1702 3086 and
1732 3052 1806 3087 not
1838 3049 1996 3096 Alfred‚
2035 3049 2279 3101 archbishop
2311 3050 2359 3089 of

360 3109 405 3147 of
426 3111 493 3149 the
524 3112 815 3162 distinguished
847 3115 1018 3164 prelates
1053 3115 1099 3153 of
1134 3115 1198 3153 his
1236 3128 1323 3165 age,
1381 3115 1510 3162 York,
1529 3116 1571 3153 in
1593 3117 1712 3154 1100.

360 3176 434 3214 but
452 3178 502 3216 he
521 3191 686 3228 appears
705 3185 747 3219 to
762 3181 861 3220 have
880 3183 1087 3232 provoked
1098 3183 1167 3221 the
1183 3183 1327 3221 dislike
1435 3185 1466 3228 ’l‘
1496 3184 1755 3235 Archbishop
1772 3184 1927 3223 Gerard
1947 3184 2038 3223 died
2057 3185 2100 3223 in
2125 3185 2241 3232 1108,
2263 3185 2357 3224 sud-

362 3244 405 3281 of
429 3245 497 3282 the
515 3247 646 3297 clergy
664 3248 719 3297 by
738 3249 800 3286 his
832 3250 1031 3300 liberality
1061 3252 1141 3289 and
1173 3252 1326 3290 attach·
1383 3251 1505 3303 denly
1523 3252 1600 3290 and
1620 3253 1793 3291 without
1823 3254 2050 3292 confession
2085 3254 2164 3291 and
2193 3253 2357 3292 absolu-

362 3314 474 3348 ment
494 3317 535 3349 to
554 3313 718 3362 profane
749 3315 968 3364 literature,
989 3319 1065 3356 and
1093 3320 1184 3370 they
1206 3320 1327 3369 speak
1385 3319 1485 3366 tion,
1505 3320 1635 3358 which
1654 3320 1719 3358 his
1738 3320 1872 3371 clergy
1890 3321 2007 3359 made
2037 3334 2088 3359 an
2119 3333 2265 3359 excuse
2295 3321 2360 3359 for

363 3377 409 3415 ill
429 3378 474 3415 of
489 3378 573 3416 him
592 3379 634 3417 in
664 3381 767 3420 their
785 3384 978 3434 writings.
1026 3385 1092 3424 He
1111 3386 1330 3425 succeeded
1384 3387 1563 3438 refusing
1581 3388 1666 3426 him
1685 3388 1818 3427 burial*
1835 3389 1973 3427 within
1993 3389 2062 3427 the
2081 3388 2247 3427 church.
