2638 3860
376 314 605 368 Cap.xxi.]
993 313 1070 348 DE
1112 313 1297 350 NUGIS
1338 314 1714 352 cnarALmM.
2284 302 2353 353 33

346 441 561 505 comite,
612 458 773 509 quam
824 439 948 509 quia
994 440 1221 509 cupidus
1265 441 1441 493 omnis
1486 442 1670 512 abigit,
1728 441 2037 512 magistram
2088 441 2355 496 virtutum

342 526 543 595 abjicit,
582 534 637 578 et
677 545 891 578 avaram
934 526 1101 596 adigit
1138 546 1168 579 a
1201 527 1456 579 vitiorum
1493 528 1614 580 lacu
1652 529 1977 599 superbiam,
2016 528 2196 582 conati
2222 537 2353 582 sunt

341 613 501 664 multi
527 631 650 665 cum
690 613 801 664 suis
846 612 1048 664 ordinis
1093 621 1468 683 paupertatem
1513 615 1755 680 evadere,
1795 616 1948 685 quasi
1986 617 2170 685 fugata
2211 615 2352 685 fugit

341 697 654 763 humilitas,
693 699 946 768 princeps
980 699 1134 751 adest
1173 699 1440 769 superbus
1474 701 1531 752 in
1571 701 1793 766 divitiis,
1832 721 1991 771 quem
2031 702 2252 753 humilis
2290 702 2349 753 in

339 792 657 854 paupertate
708 785 907 836 Jhesus
947 785 1175 855 ejecerat
1210 786 1372 850 foraS,
1417 786 1510 855 qui
1548 805 1660 839 non
1703 787 1854 840 venit
1897 788 1966 840 ad
2011 788 2247 858 Helyam
2292 786 2350 838 in

339 878 505 922 vento
530 879 710 940 petras
738 878 1069 935 conterente,
1110 889 1210 922 nec
1248 871 1305 922 in
1346 878 1676 936 terraemotU,
1719 891 1820 925 nec
1862 873 1920 925 in
1963 874 2104 943 igne,
2151 873 2246 926 sed
2288 871 2348 924 in

334 955 469 1008 levis
497 975 638 1008 aurae
665 956 876 1019 sibilo‚*
902 974 1062 1024 quem
1094 955 1151 1007 in
1191 955 1341 1007 omni
1379 956 1644 1009 desiderio
1681 958 1952 1027 praedictis
1991 959 2214 1028 abjectis
2252 976 2346 1010 ex-

335 1041 589 1108 pectabat
613 1049 669 1093 et
693 1039 982 1109 expetebat
1000 1040 1238 1110 Helyas3
1265 1039 1357 1091 illa
1380 1050 1781 1109 processerunt,
1807 1061 1919 1095 non
1944 1051 2127 1096 tamen
2152 1044 2212 1095 in
2236 1043 2343 1095 illis

336 1126 610 1179 Dominus
632 1146 644 1177 :
685 1142 813 1176 aura
839 1123 1116 1187 successit,
1131 1123 1187 1174 in
1214 1123 1305 1174 illa
1330 1125 1622 1178 Dominus.
1685 1126 1864 1179 Nobis
1889 1127 1947 1179 in
1972 1129 2173 1181 nostris
2199 1128 2344 1180 ordi-

334 1210 495 1263 nibus
516 1229 643 1262 aura
657 1208 919 1279 procedit,
929 1208 987 1260 in
1002 1208 1121 1277 ipsa
1137 1208 1410 1261 Dominus
1419 1231 1435 1276 3
1458 1209 1863 1281 subsequuntur
1878 1220 2061 1266 autem
2075 1213 2133 1264 in
2144 1212 2341 1282 quibus

332 1315 445 1349 non
472 1304 556 1349 est
580 1295 853 1348 Dominus
880 1294 1187 1363 templareS,
1214 1294 1280 1346 de
1307 1295 1502 1363 quibus
1528 1296 1616 1360 hic
1644 1315 1820 1350 sermo
1865 1298 2046 1368 coepit,
2073 1316 2235 1367 quem
2273 1316 2342 1350 ex

335 1382 524 1436 officiis
553 1380 798 1433 suscitari
823 1379 1058 1449 praelatis
1086 1386 1141 1431 et
1165 1379 1380 1448 regibus
1406 1382 1691 1449 habentur,
1719 1391 1774 1436 et
1798 1384 2005 1436 honore
2030 1383 2340 1453 principum

334 1468 559 1539 provide
601 1472 791 1518 curant
848 1483 916 1516 ne
962 1465 1176 1517 deficiat
1231 1466 1377 1520 unde
1416 1467 1793 1533 sublimentur,
1836 1469 1883 1521 si
1925 1469 2343 1521 reminiscantur

333 1560 390 1604 et
409 1558 791 1604 convertantur
807 1550 875 1602 ad
892 1548 1449 1621 Dominumzuniversi
1473 1552 1610 1604 fines
1628 1561 1801 1620 terrae,
1821 1554 1979 1623 juxta
1997 1555 2339 1625 prophetam,

336 1637 485 1692 Quid
508 1637 631 1708 ipsi,
653 1637 698 1687 si
722 1655 830 1706 pax
854 1636 1078 1702 venerit,
1106 1655 1213 1706 quo
1240 1637 1490 1691 deveniet
1513 1637 1759 1707 gladius?
1825 1639 2019 1692 Pacem
2042 1640 2150 1692 hoc
2175 1638 2340 1691 modo

332 1724 537 1778 cavisse
563 1722 759 1774 dicitur
784 1722 930 1774 olim.

805 1868 890 1918 De
903 1868 1024 1935 filio
1050 1867 1368 1935 salidompni
1391 1869 1696 1922 Babilonioe.
1769 1867 1880 1920 xxi.

404 1967 530 2020 Hiis
565 1972 710 2018 retro
742 1984 853 2017 non
880 1972 1059 2018 tamen
1087 1965 1248 2034 longe
1275 1967 1467 2021 diebus
1494 1967 1916 2033 NassaradinUS,
1957 1966 2101 2018 filius
2130 1966 2338 2033 Abecii,

326 2052 655 2122 solidompni
681 2051 1034 2116 Babiloniae,†
1059 2070 1090 2103 a
1133 2052 1396 2104 militibus
1434 2053 1624 2124 templi
1663 2052 1888 2105 Domini
1928 2058 2117 2122 captus
2161 2060 2217 2105 et
2255 2052 2339 2105 in-

326 2146 624 2192 carceratus
662 2144 762 2201 est,
800 2135 883 2187 vir
918 2136 1133 2204 gentilis
1178 2156 1239 2189 ac
1279 2144 1471 2190 caetera
1511 2137 1837 2190 clarissimus
1876 2154 2089 2206 genere,
2130 2137 2338 2203 militia,

324 2224 511 2288 literis,
538 2229 593 2275 et
618 2221 783 2274 animi
807 2221 1024 2274 virtute.
1102 2222 1211 2274 Hic
1237 2241 1361 2275 cum
1407 2223 1583 2274 adhuc
1624 2221 1772 2274 domi
1811 2240 1942 2273 suus
1981 2231 2142 2286 esset,
2187 2242 2335 2292 mag-

328 2329 455 2363 nam
498 2307 734 2360 habebat
778 2307 844 2359 de
883 2307 991 2359 fide
1017 2315 1205 2361 nostra
1242 2315 1298 2360 et
1341 2326 1529 2360 eorum
1569 2307 1840 2360 erroribus
1886 2306 2331 2375 disputationem,

322 2396 622 2463 vidensque
671 2411 798 2445 suos
847 2393 985 2445 ritus
1024 2393 1160 2444 nihil
1195 2392 1394 2445 habere
1430 2392 1779 2444 firmitudinis
1818 2400 1912 2444 aut
1958 2391 2103 2456 fidei,
2144 2392 2331 2446 Chris-

323 2479 563 2534 tianismi
587 2478 900 2550 religionem
926 2478 1146 2543 adisset,
1186 2477 1232 2529 si
1257 2496 1369 2530 non
1394 2476 1661 2530 nobilium
1698 2475 1998 2529 reverentia
2040 2485 2328 2545 parentum

321 2565 641 2619 obstitisset.
718 2563 967 2632 Cumque
991 2563 1097 2615 hoc
1120 2562 1225 2614 hiis
1253 2561 1345 2631 qui
1370 2580 1494 2615 eum
1520 2563 1781 2615 tenebant
1815 2562 1874 2614 in
1897 2561 2127 2614 vinculis
2168 2562 2326 2616 inno-

318 2656 549 2705 tesceret
580 2667 648 2702 ex
673 2649 789 2718 ejus
829 2648 1104 2713 relatione,
1129 2666 1242 2700 non
1276 2648 1440 2700 modo
1478 2667 1591 2702 non
1629 2648 1990 2712 crediderunt,
2029 2647 2125 2700 sed
2162 2648 2325 2702 etiam

314 2736 586 2806 baptisma
621 2735 831 2805 petenti
869 2735 1017 2787 surdi
1059 2734 1186 2787 facti
1231 2741 1376 2787 sunt.
1452 2734 1770 2804 Spondebat
1806 2734 1883 2786 eis
1923 2733 2320 2789 Nassaradinus

317 2821 659 2875 Babiloniam
706 2821 916 2886 urbem,
962 2820 1165 2873 scilicet
1205 2838 1316 2872 suae
1356 2819 1670 2881 nativitatiS,
1724 2818 1835 2871 suis
1877 2817 2083 2871 viribus
2124 2826 2180 2871 et
2220 2838 2320 2873 suo

315 2907 540 2960 consilio
566 2907 896 2975 conquirere,
923 2906 1220 2958 dummodo
1245 2905 1428 2975 ipsum
1464 2904 1725 2974 baptizari
1758 2903 2154 2974 promitterent.
2231 2905 2320 2958 Illi

369 3020 394 3045 ²*
423 3020 494 3059 IlI
514 3020 619 3070 Reg.
647 3020 730 3058 xix.
752 3020 797 3059 ii.
819 3020 930 3060 Ecce
950 3019 1157 3059 Dominus
1177 3023 1289 3059 tran·
1347 3023 1389 3059 et
1417 3023 1514 3071 post
1542 3019 1860 3059 commotionem
1891 3019 2026 3070 igniet
2056 3031 2140 3057 non
2159 3019 2204 3058 in
2222 3019 2318 3070 igne

315 3089 384 3136 sit,
407 3091 448 3127 et
467 3087 636 3139 spiritus
655 3086 821 3137 grandis
840 3090 881 3126 et
899 3087 1020 3126 fortis
1046 3086 1290 3127 subvertens
1345 3087 1566 3135 Dominus,
1577 3091 1619 3126 et
1631 3090 1727 3138 post
1740 3086 1876 3136 ignem
1889 3086 2033 3126 sibilus
2048 3099 2155 3126 aurae
2167 3087 2319 3128 tenuis.

313 3160 477 3196 montes
493 3159 534 3195 et
548 3158 761 3194 conterens
775 3158 911 3206 petras
926 3159 1020 3194 ante
1034 3154 1285 3194 Dominum:
1396 3156 1427 3200 †
1455 3154 1556 3194 This
1575 3154 1758 3194 incident
1772 3155 1808 3194 is
1826 3155 1981 3194 related
1998 3155 2082 3195 less
2099 3155 2218 3206 fully,
2238 3155 2315 3195 but

313 3225 461 3265 nonin
490 3224 637 3275 spiritu
667 3223 887 3270 Dominus,
908 3226 950 3262 et
978 3227 1075 3274 post
1096 3222 1287 3274 spiritum
1341 3222 1440 3261 with
1469 3222 1591 3261 other
1623 3222 1955 3271 circumstances,
1989 3222 2045 3275 by
2066 3222 2252 3263 William
2271 3223 2320 3263 of

311 3292 559 3333 commotio:
591 3304 675 3331 non
693 3292 739 3330 in
757 3291 1035 3333 commotione
1058 3290 1287 3338 Dominus,
1339 3289 1462 3341 Tyre,
1483 3289 1596 3331 Hist.
1618 3290 1692 3331 lib.
1713 3291 1828 3341 xviii,
1846 3304 1885 3332 c.
1906 3294 1947 3334 9.
1967 3291 2033 3331 ed.
2054 3290 2257 3343 Bongars.

385 3377 574 3414 CAMD.
603 3377 726 3413 Soc.
2030 3377 2064 3412 1³·
