2638 3860
327 346 428 399 Cap.
450 348 510 398 v.]
939 351 1016 385 DE
1058 351 1242 387 NUGIs
1284 351 1658 390 OURIALIUM.
2198 347 2303 394 209

295 487 459 556 regali
491 488 653 540 vertit
676 488 993 559 imperium:
1033 494 1068 520 “
1090 491 1343 545 Chnutus
1369 494 1668 564 Anglorum
1696 502 1751 547 et
1789 495 1972 549 Daciae
2005 514 2103 549 rex
2128 496 2301 550 unicis

297 592 408 626 suae
434 575 807 644 prosperitatis
833 578 1160 630 amatoribus
1188 580 1371 644 DaciS,
1409 581 1555 650 quod
1599 581 1747 633 omni
1787 590 2031 652 tempore
2062 583 2209 653 pacis
2247 591 2302 634 et

295 657 422 711 belli
442 660 670 713 fideliter
695 668 750 713 et
776 669 992 715 strenue
1019 673 1345 717 meruerunt.
1424 665 1569 717 Scire
1588 683 1687 718 vos
1714 666 1868 718 decet
1893 667 2036 735 quod
2065 686 2226 719 sanus
2247 675 2302 720 et

292 745 579 799 incolumis
605 747 773 799 totius
799 749 1009 818 Angliae
1043 751 1333 803 monarcha
1356 769 1539 820 regn0,
1574 753 1718 821 quod
1745 754 1865 805 Deo
1903 761 2115 822 gratum
2143 772 2299 823 spero

296 833 387 902 qui
414 851 500 884 me
529 833 707 902 dirigit
733 841 794 885 ut
828 834 1000 886 Jacob
1028 853 1187 904 quem
1213 837 1429 889 amavit.
1507 837 1623 907 Ipsi
1656 847 1832 908 grates
1859 858 1975 908 ago,
2001 842 2300 909 vestrisque

293 918 563 988 precibUS,
617 919 773 971 latori
813 938 941 972 vero
986 922 1353 990 praesentium,
1395 922 1822 976 Eboracensium
1873 925 2075 990 comiti,
2127 925 2300 978 domi-

293 1023 472 1075 noque
514 1005 830 1070 Lincolniae,
875 1007 1190 1077 Notingam,
1235 1008 1563 1074 Leicestriae,
1603 1009 1848 1076 Cestriae,
1891 1003 2299 1077 Huntendunae,

293 1091 731 1158 Northamtunae,
760 1092 1132 1157 Gloucestriae,
1159 1092 1356 1162 quique
1393 1094 1552 1146 nobis
1588 1095 1680 1147 diu
1722 1096 1921 1148 restitit
1948 1097 2298 1163 Herefordiae,

292 1177 461 1246 magis
489 1177 710 1229 obnoxii
737 1195 924 1228 sumus
946 1196 1011 1229 ex
1041 1178 1223 1229 debito
1244 1197 1405 1247 quam
1431 1179 1519 1230 alii
1538 1180 1762 1246 viventi,
1783 1182 1937 1251 cujus
1958 1182 2091 1234 mihi
2106 1201 2297 1234 manus

291 1280 479 1331 pacem
506 1262 700 1331 adegit,
725 1262 897 1314 virtus
925 1270 980 1314 et
1005 1263 1267 1332 sapientia
1299 1265 1647 1335 tranquillum
1673 1267 1800 1319 facit
1830 1285 2074 1336 regnum.
2151 1267 2298 1319 Huic

290 1356 548 1416 tanquam
589 1347 905 1400 fidelissimo
955 1367 1078 1400 meo
1119 1366 1303 1400 curam
1347 1357 1402 1401 et
1445 1350 1856 1420 dispositionem
1899 1352 2071 1404 totius
2114 1352 2297 1405 Daciae

289 1433 554 1497 commisi,
584 1452 930 1503 sororemque
956 1452 1132 1486 meam
1156 1453 1382 1487 uxorem
1409 1436 1550 1501 dedi,
1589 1438 1743 1507 cujus
1783 1437 1906 1491 volo
1946 1437 2150 1491 subditi
2180 1438 2295 1491 sitis

287 1520 516 1590 imperio
545 1519 660 1572 sine
687 1520 1068 1573 controversia.
1144 1521 1389 1574 Valete.''
1408 1523 1441 1560 *

306 1674 395 1730 De
410 1679 588 1745 primo
615 1677 851 1731 Henrico
879 1695 998 1746 reye
1023 1679 1313 1746 Anylorum
1334 1685 1383 1731 et
1403 1679 1683 1733 Lodowico
1701 1697 1822 1748 reye
1840 1682 2178 1733 Francorum.
2218 1700 2269 1734 v.

358 1792 630 1844 Henricus
656 1810 751 1844 rex
776 1792 1004 1862 Angliae,
1030 1800 1182 1862 pater
1207 1792 1392 1844 matris
1413 1794 1529 1863 ejus
1558 1794 1782 1847 Henrici
1802 1794 1894 1864 qui
1918 1814 2064 1847 nunc
2089 1804 2291 1865 regnat,

281 1878 365 1931 vir
389 1878 647 1947 providus
675 1886 730 1930 et
754 1878 900 1947 pacis
928 1885 1153 1942 amator,
1190 1896 1371 1947 regem
1398 1879 1638 1931 Franciae
1670 1879 2008 1950 Lodovicum
2045 1899 2292 1949 grossum

282 1983 406 2016 cum
434 1965 671 2017 exercitu
698 1983 796 2016 suo
825 1963 1212 2033 superbissimo
1240 1963 1471 2016 confecit
1513 1964 1570 2016 in
1602 1963 1745 2017 bello
1780 1966 1938 2034 juxta
1966 1965 2292 2032 Gisorcium,

283 2059 338 2103 et
363 2051 511 2103 dedit
535 2051 591 2101 in
618 2051 818 2119 fugam,
845 2050 1122 2119 victorque
1149 2068 1396 2102 reversus
1423 2050 1675 2120 Angliam
1713 2052 2029 2121 pacificavit,
2071 2071 2102 2103 a
2140 2060 2291 2121 patre

282 2155 381 2189 suo
408 2137 702 2188 Willielmo
747 2137 1012 2188 Bastardo
1057 2136 1433 2204 conquisitam,
1473 2144 1528 2188 et
1568 2155 1667 2188 nec
1706 2155 1802 2206 per
1843 2137 2023 2206 ipsum
2063 2138 2289 2190 Williel-

279 2237 430 2271 mum
456 2236 555 2270 nec
580 2235 676 2287 per
694 2217 866 2269 filium
894 2225 948 2269 et
975 2235 1337 2269 successorem
1366 2218 1481 2286 ejus
1519 2217 1873 2270 Willielmum
1892 2219 2114 2270 Ruffum
2142 2238 2287 2272 com-

277 2305 514 2376 positam
545 2305 610 2356 ad
649 2322 856 2373 pacem,
883 2303 1006 2372 quia
1033 2311 1240 2355 veteres
1283 2302 1474 2354 incolae
1514 2321 1671 2355 suum
1699 2304 2006 2356 nullatenus
2050 2305 2284 2373 aequani-

278 2392 438 2444 miter
456 2390 765 2442 tollerantes
783 2389 1020 2453 exilium,
1040 2387 1368 2440 infestabant
1393 2389 1644 2452 advenaS,
1663 2389 1940 2457 fueratque
1956 2407 2052 2457 per
2069 2390 2284 2442 univer-

280 2496 400 2529 sum
428 2475 723 2528 saevissima
764 2493 990 2544 regnum
1018 2473 1230 2526 seditio.
1307 2473 1414 2525 Sed
1438 2473 1525 2526 hic
1554 2473 1822 2526 Henricus
1868 2474 1933 2525 de
1978 2493 2084 2543 quo
2123 2475 2282 2528 nobis

278 2582 474 2627 serm0,
532 2561 793 2631 conjugiis
856 2560 983 2612 hinc
1032 2559 1158 2612 inde
1207 2559 1362 2611 factis
1414 2559 1556 2611 inter
1606 2577 1717 2623 eOS,
1781 2560 2003 2629 aliisque
2059 2560 2279 2629 quibus-

280 2668 511 2719 cumque
536 2648 717 2719 potuit
741 2647 939 2711 modis,
966 2646 1032 2698 ad
1057 2646 1267 2697 firmam
1292 2645 1524 2714 populos
1550 2652 1807 2714 utrosque
1846 2646 2125 2698 foederavit
2149 2665 2277 2698 con-

275 2736 529 2798 cordiam,
568 2733 764 2802 diuque
789 2731 1013 2784 feliciter
1032 2730 1299 2799 Angliam,
1326 2729 1596 2793 Walliam,
1627 2729 2035 2793 Normanniam,
2076 2737 2131 2782 et
2156 2730 2276 2782 Bri-

274 2821 515 2874 tanniam
540 2818 696 2882 rexit,
723 2818 791 2869 ad
814 2818 1077 2868 honorem
1103 2814 1209 2867 Dei
1249 2813 1720 2882 subjectorumque
1761 2812 1973 2865 divitias
2000 2814 2195 2866 multas
2221 2822 2276 2868 et

269 2908 454 2976 jugem
480 2902 740 2954 laetitiam.
817 2901 874 2952 Is
901 2900 1062 2952 etiam
1101 2897 1487 2950 monasterium
1515 2896 1758 2949 Cluniaci
1782 2897 2006 2966 perfecit
2030 2916 2060 2949 a
2084 2898 2274 2950 funda-

273 2989 490 3053 mentiS,
517 3005 636 3056 quae
660 3005 754 3038 rex
782 2986 1153 3056 Hispanorum
1190 2983 1531 3036 Adelfundus
1574 2982 1685 3035 suis
1724 2982 1979 3051 injecerat
2021 2983 2271 3052 expensis

274 3083 330 3129 et
367 3074 458 3128 vix
484 3072 552 3124 ad
587 3079 743 3123 terrae
771 3070 996 3122 duxerat
1022 3068 1378 3138 superficiem,
1404 3075 1460 3120 et
1495 3086 1526 3119 a
1563 3067 1842 3137 proposito
1876 3085 1972 3137 per
1996 3067 2270 3120 avaritiam

334 3242 361 3270 *
389 3243 475 3283 The
496 3245 608 3293 story
622 3241 669 3281 of
685 3240 768 3280 earl
783 3238 955 3280 Godwin
975 3238 1122 3279 breaks
1141 3237 1202 3277 off
1216 3236 1259 3276 in
1280 3237 1349 3277 the
1375 3236 1542 3285 middle,
1563 3249 1607 3276 as
1626 3235 1662 3276 if
1676 3236 1907 3287 something
1923 3248 2028 3277 were
2045 3237 2231 3277 omitted.

344 3329 533 3365 CAMD.
575 3327 697 3362 soc,
1739 3310 1770 3357 2
1800 3323 1835 3357 Ε
