2638 3860
325 394 390 440 88
1026 398 1336 436 GUALTERI
1377 398 1577 434 MAPES
1971 399 2169 449 [Distinc.
2193 398 2255 438 II.

323 531 572 582 defensor
595 536 649 581 et
673 527 872 579 amicus
898 524 1161 587 allabitur,
1190 525 1330 577 Offae
1360 529 1733 593 praesentatur,
1753 523 2039 592 aderatque
2074 524 2311 577 collectis

326 617 522 668 viribus
561 615 617 666 in
650 611 1010 676 Collocestria,
1054 612 1119 662 de
1151 629 1254 679 qua
1293 617 1475 661 natam
1517 608 1810 677 praedicant
1855 608 2167 660 Helenam*
2193 627 2311 678 quae

322 726 531 760 crucem
556 705 778 758 Domini
802 704 1052 773 repperit,
1077 703 1380 772 reversique
1401 710 1528 753 sunt
1546 702 1613 753 ad
1640 720 1764 753 eum
1783 700 1979 765 nuntii,
1997 719 2127 770 pace
2144 701 2314 771 petita

322 793 415 845 sed
447 799 653 860 negata.
729 789 883 841 Gado
917 789 1078 858 igitur
1111 788 1299 841 videns
1334 787 1522 839 faciem
1557 786 1882 856 praeliorum,
1912 805 1943 837 a
1977 786 2216 838 Domino
2255 803 2313 838 se

318 879 442 930 illuc
484 877 774 928 adventum
825 874 1006 939 sentit,
1055 873 1334 942 libensque
1371 873 1596 941 suscipit
1638 871 2016 924 obedientiam.
2091 871 2217 923 Jam
2255 888 2313 922 se

317 965 433 1015 foro
476 968 627 1031 parat
666 959 914 1029 pretiosis
947 959 1141 1029 quibus
1181 977 1392 1028 semper
1422 959 1676 1011 utebatur
1706 957 1931 1009 indutus
1966 955 2226 1020 vestibUS,
2260 963 2315 1008 et

319 1056 533 1101 centurn
559 1046 777 1115 optimis
804 1053 858 1098 et
884 1045 1217 1096 electissimis
1245 1045 1473 1113 stipatus
1509 1043 1798 1113 equitibus,
1829 1043 1897 1094 ad
1926 1042 2157 1094 tentoria
2189 1059 2315 1111 pro-

317 1140 468 1202 perat
484 1131 853 1201 imperatoris3
881 1131 1022 1199 quod
1051 1130 1141 1199 qui
1166 1130 1370 1199 primus
1393 1137 1476 1182 est
1494 1129 1721 1181 intuitus
1748 1147 1871 1180 cum
1898 1127 2046 1179 omni
2063 1133 2316 1197 properat

319 1218 578 1271 attonitus
605 1216 954 1268 admiratione
980 1215 1203 1267 nuntius
1234 1215 1545 1284 imperatori
1580 1214 1711 1278 fieri,
1745 1214 1978 1282 dicitque
2015 1214 2191 1265 virum
2221 1212 2316 1264 ad-

319 1303 499 1356 venire
526 1302 836 1366 maximum,
862 1319 1166 1370 respersum
1194 1300 1339 1353 canis
1376 1300 1527 1369 quasi
1548 1300 1896 1364 semicanum,
1919 1298 2097 1351 sericis
2117 1316 2315 1350 venus-

319 1389 526 1441 tissime
574 1387 883 1438 redimitum
931 1386 1193 1451 vestibUS,
1242 1385 1519 1438 hominem
1562 1385 1859 1438 secundum
1903 1384 2310 1436 similitudinem

319 1474 614 1543 angelicum
641 1480 695 1524 et
721 1473 834 1541 jam
860 1491 891 1524 a
933 1473 1053 1524 Deo
1085 1472 1456 1540 glorificatum,
1498 1478 1553 1523 et
1589 1489 1714 1523 curn
1753 1488 1817 1522 eo
1852 1470 2060 1522 circiter
2095 1477 2315 1522 centum

319 1560 533 1622 milites,
577 1558 729 1627 quasi
762 1576 829 1609 ex
870 1557 1122 1609 omnibus
1167 1557 1311 1609 orbis
1357 1556 1600 1626 partibus
1642 1555 1897 1624 optimOS,
1938 1555 2220 1619 maximOS,
2260 1560 2317 1606 et

318 1643 723 1714 pulcherrimos
799 1643 876 1694 Et
900 1642 1200 1694 notandum
1226 1642 1371 1711 quod
1399 1641 1557 1694 Gado
1586 1659 1798 1710 semper
1822 1640 2071 1692 adminus
2097 1646 2317 1691 centum

324 1729 772 1782 circumducebat.
843 1728 933 1780 Ad
970 1728 1071 1779 hos
1117 1745 1479 1797 expavescens
1520 1727 1813 1797 imperator
1849 1743 2111 1790 rumoreS,
2142 1725 2315 1777 sciens

321 1816 449 1885 quid
475 1815 772 1882 contigerit,
818 1813 1065 1882 stupidus
1090 1813 1266 1878 haesit,
1301 1821 1356 1865 et
1381 1813 1709 1865 consiliarios
1737 1813 2000 1865 adventus
2028 1812 2110 1863 sui
2135 1811 2317 1880 prodi-

319 1901 482 1953 tionis
509 1900 695 1969 arguit.
771 1900 847 1950 Et
872 1918 992 1951 ecce
1030 1899 1186 1951 Gado
1221 1899 1431 1951 medius
1463 1917 1648 1951 eorum
1681 1899 1772 1963 ait,
1807 1902 1843 1927 “
1863 1898 1921 1950 Si
1944 1897 2197 1967 pacificus
2223 1897 2317 1948 ad-

319 1994 514 2039 ventus
542 1985 748 2036 domini
775 1985 971 2035 summi
995 1984 1308 2054 principis.”
1384 1985 1685 2053 Imperator
1704 1984 2001 2052 respondit,
2029 1986 2063 2012 ‘⁶
2084 1983 2229 2037 Quid
2249 1983 2318 2034 ad

318 2082 390 2136 te,
428 2070 521 2139 qui
554 2088 817 2138 nusquam
858 2070 1005 2121 domi
1042 2070 1287 2121 residuus
1327 2071 1419 2121 es?
1461 2070 1555 2121 sed
1588 2069 1835 2139 nunquid
1875 2077 2002 2121 tuus
2041 2069 2314 2137 ingressus

321 2157 591 2227 pacificUS,
620 2155 711 2224 qui
736 2155 857 2206 lites
880 2163 935 2207 et
959 2155 1099 2206 rixas
1126 2155 1334 2207 venaris
1360 2155 1417 2206 in
1443 2155 1571 2207 orbe
1593 2155 1656 2208 ?”
1730 2156 1872 2207 Tum
1901 2154 2075 2219 Gado,
2110 2162 2172 2206 ut
2204 2162 2319 2206 erat

322 2242 403 2294 vir
418 2240 708 2292 firmissimi
726 2239 899 2291 cordis
920 2248 974 2292 et
992 2240 1281 2292 immobilis
1303 2261 1333 2292 a
1356 2241 1598 2305 veritate,
1618 2240 1812 2293 blande
1841 2239 2143 2304 subintulit,
2165 2243 2201 2268 “
2218 2240 2316 2291 Pa-

322 2327 520 2389 cificUS,
542 2327 663 2394 quia
683 2343 804 2376 cum
823 2325 990 2393 gratia
1017 2333 1071 2377 et
1094 2325 1293 2378 virtute
1319 2326 1424 2378 Dei
1449 2345 1555 2395 pax
1580 2326 1681 2378 erit
1698 2325 2052 2390 innocentiae3
2092 2325 2237 2395 quod
2262 2332 2318 2378 et

319 2418 628 2464 venatorem
653 2428 739 2461 me
766 2410 896 2461 dicis
917 2410 1111 2475 litium,
1137 2429 1248 2462 non
1274 2411 1477 2473 errasti,
1503 2430 1628 2462 nam
1655 2429 1743 2463 eas
1763 2411 2027 2481 investigo
2056 2411 2316 2464 sollicitus

322 2505 376 2549 et
399 2497 644 2548 inventas
670 2495 800 2547 totis
826 2503 1108 2565 prosterno
1134 2496 1337 2548 viribus
1357 2518 1373 2562 3
1412 2505 1676 2550 creatores
1702 2515 1885 2549 earum
1912 2497 2019 2561 odi,
2046 2515 2176 2566 quas
2210 2495 2318 2548 nisi

320 2584 497 2635 fovere
538 2581 843 2633 destiterint
881 2600 992 2633 non
1031 2582 1278 2634 amabo.''
1356 2583 1460 2634 His
1489 2583 1646 2635 dictis
1677 2583 2004 2653 papilionem
2030 2582 2315 2651 egreditur,

325 2668 432 2719 suis
459 2667 671 2718 additur
697 2667 790 2736 qui
819 2667 948 2719 foris
980 2668 1350 2737 expectabant,
1378 2669 1723 2737 salutansque
1750 2670 2025 2720 Romanos
2058 2666 2317 2719 abscedit.

325 2754 453 2804 Non
486 2752 706 2821 provide
734 2752 929 2803 salutat
964 2752 1087 2821 quia
1119 2753 1302 2822 diligat
1331 2771 1422 2805 eos
1458 2761 1551 2805 aut
1589 2753 1866 2804 resalutari
1900 2753 2183 2816 desideret,
2223 2752 2319 2804 sed

321 2838 478 2890 bonae
503 2837 908 2890 consuetudinis
935 2838 1207 2891 reminisci
1225 2839 1399 2907 juvat,
1424 2839 1605 2890 nullus
1632 2839 1776 2893 enim
1800 2838 1959 2891 faceti
1977 2838 2140 2891 moris
2158 2838 2318 2891 omit-

321 2924 515 2975 tendus
541 2931 625 2975 est
658 2922 909 2986 calcuIUS,
948 2942 1016 2975 ne
1045 2923 1140 2975 fiat
1171 2923 1370 2976 oblivio
1403 2923 1535 2976 boni
1569 2924 1714 2993 quod
1746 2933 1857 2976 tam
1899 2924 2051 2977 facile
2089 2924 2317 2990 labitur3

376 3091 401 3115 ²*
430 3091 472 3129 It
489 3104 569 3129 was
589 3103 641 3129 an
660 3091 728 3130 old
759 3091 1006 3131 established
1035 3092 1181 3142 legend
1199 3092 1289 3131 that
1345 3092 1640 3140 Constantine,
1662 3106 1769 3144 says,
1790 3094 2043 3147 Accepitque
2063 3095 2191 3133 filiam
2211 3094 2318 3144 regis

325 3158 395 3195 the
414 3170 591 3208 empress
623 3158 783 3197 Helena
809 3171 890 3198 was
923 3160 994 3198 the
1018 3159 1215 3210 daughter
1248 3160 1292 3199 of
1343 3160 1574 3200 Britannici
1593 3161 1643 3200 de
1665 3161 1912 3211 Colecestre,
1944 3163 2011 3202 cui
2041 3175 2192 3202 nomen
2223 3165 2310 3200 erat

328 3235 352 3261 a
381 3224 481 3273 king
499 3225 545 3263 of
560 3225 794 3265 Colchester
813 3226 960 3265 named
978 3226 1079 3266 Coel
1098 3239 1145 3266 or
1161 3227 1287 3274 Hoel,
1345 3228 1461 3276 Coel,
1483 3229 1638 3268 scilicet
1665 3229 1884 3278 Helenam,
1912 3244 2033 3282 quam
2054 3234 2235 3270 sanctam
2254 3229 2318 3267 di-

331 3289 472 3340 Henry
491 3292 536 3329 of
551 3292 837 3343 Huntingdon‚
857 3294 968 3333 Hist.
990 3295 1061 3333 lib.
1083 3295 1111 3334 i.
1135 3308 1176 3346 p.
1190 3295 1286 3343 306,
1350 3296 1495 3344 cimus,
1517 3300 1559 3337 et
1576 3298 1717 3348 genuit
1735 3311 1785 3338 ex
1800 3311 1846 3338 ea
1862 3298 2176 3339 Constantinum
2195 3297 2318 3349 Mag-

330 3358 524 3408 speaking
566 3359 611 3397 of
646 3359 932 3410 Constantius,
973 3362 1043 3401 the
1078 3363 1212 3402 father
1254 3363 1300 3401 of
1350 3375 1465 3404 num.
