2638 3860
313 426 417 471 236
1017 432 1326 466 GUAL'PERI
1368 431 1568 464 MAPEs
2004 433 2204 483 [Distinc.
2226 433 2279 472 V·

315 579 435 628 fons
503 584 587 627 est
647 591 804 643 quem
856 572 901 622 si
945 572 1082 640 quiS,
1145 579 1208 622 ut
1261 570 1429 633 aiunt,
1502 570 1797 639 gustaverit
1849 571 2054 623 Gallice
2117 571 2307 623 barba-

315 662 463 725 rizat,
512 659 655 711 unde
706 677 826 710 cum
875 657 1066 709 vitiose
1102 656 1219 726 quis
1260 656 1348 708 illa
1386 656 1567 725 lingua
1615 655 1868 724 loquitur,
1908 656 2134 708 dicimus
2183 675 2305 708 eum

314 745 459 814 loqui
487 743 751 795 Gallicum
780 741 1135 810 Merleburgae
1159 764 1169 791 :
1211 741 1354 792 unde
1383 741 1535 808 Map,
1568 758 1691 792 cum
1721 739 1962 791 audisset
1998 758 2122 791 eum
2147 740 2310 792 verba

311 828 681 898 resignationis
734 826 953 878 domino
997 826 1225 878 Ricardo
1273 825 1648 878 Cantuariensi
1698 825 1889 889 dicere,
1931 834 1985 876 et
2025 825 2310 895 quaesisset

313 915 562 967 dominus
612 912 1043 982 archiepiscopus
1094 912 1160 963 ab
1205 930 1287 976 eo,
1339 915 1371 940 “
1401 911 1548 965 Quid
1597 911 1831 980 loqueris
1851 911 1910 962 ?''
1951 912 2138 964 volens
2183 929 2308 962 eum

310 1000 498 1051 iterare
537 999 680 1068 quod
725 998 946 1060 dixerat,
984 1005 1047 1048 ut
1085 1015 1273 1049 omnes
1327 996 1590 1059 audirent,
1635 1005 1689 1047 et
1731 995 1851 1064 ipso
1891 1004 2120 1060 tacente,
2165 1015 2309 1065 quae-

312 1091 451 1135 reret
483 1085 631 1147 item,
670 1087 704 1111 ‘⁶
728 1082 874 1136 Quid
898 1081 1131 1150 loqueris
1154 1082 1208 1133 ?'’
1247 1081 1527 1150 respondit
1564 1099 1663 1150 pro
1702 1098 1765 1132 eo
1806 1081 1959 1149 Map,
1986 1080 2310 1133 “Gallicum

317 1167 727 1238 Merleburgae.''
804 1167 1126 1219 Ridentibus
1153 1167 1315 1236 igitur
1340 1167 1473 1231 aliia,
1499 1167 1615 1235 ipse
1641 1166 1861 1218 recessit
1887 1167 2073 1218 iratus,
2146 1167 2309 1219 Anno

310 1255 556 1324 proximo
573 1253 1023 1306 renuntiationem
1042 1253 1395 1322 praecedente,
1410 1253 1744 1305 districtione
1753 1253 1920 1322 rigida
1931 1272 2039 1304 non
2050 1262 2111 1305 ut
2126 1262 2312 1322 pastor

313 1342 406 1393 sed
431 1341 692 1394 violenter
718 1347 964 1409 exegerat
990 1339 1056 1391 ab
1083 1339 1335 1391 omnibus
1371 1339 1608 1391 ecclesiis
1647 1339 1912 1408 parochiae
1940 1357 2050 1391 suae
2078 1339 2311 1391 decimas

310 1427 551 1478 omnium
594 1425 980 1478 obventionum
1027 1443 1261 1489 suarum,
1305 1432 1360 1476 et
1399 1425 1633 1493 singulas
1673 1433 1881 1477 taxarat
1925 1433 1979 1476 et
2015 1425 2310 1477 secundum

309 1512 578 1580 propriam
637 1510 1050 1563 aestimationem
1114 1510 1347 1562 decimas
1405 1510 1760 1578 extorquebat
1776 1530 1790 1574 3
1855 1519 2083 1579 quatuor
2131 1518 2311 1562 autem

309 1614 511 1647 marcas
538 1594 604 1647 ab
631 1594 854 1646 ecclesia
874 1595 1026 1663 Map,
1048 1612 1168 1662 quae
1194 1593 1389 1645 dicitur
1415 1594 1696 1658 Eswaella,
1716 1595 1982 1663 jactanter
2001 1602 2055 1646 et
2083 1594 2312 1664 superbe

310 1681 410 1732 sibi
429 1680 654 1750 jubebat
679 1680 854 1731 afferri
880 1680 1085 1731 ratione
1114 1698 1217 1748 qua
1245 1679 1512 1748 spoliabat
1538 1680 1684 1731 alias.
1759 1680 1857 1732 Ille
1877 1681 2068 1744 noluit,
2097 1681 2191 1732 sed
2218 1682 2313 1733 do-

309 1765 455 1816 mino
477 1773 660 1817 nostro
680 1765 791 1834 regi
817 1772 1041 1833 questus
1069 1773 1168 1827 est,
1188 1763 1278 1832 qui
1296 1764 1498 1816 ducens
1518 1764 1748 1816 electum
1769 1764 1918 1815 illum
1939 1765 1995 1815 in
2016 1765 2311 1817 thalamum

309 1850 614 1902 interiorem
641 1849 918 1918 castigavit
939 1867 1062 1900 eum
1092 1848 1265 1916 dignis
1292 1848 1469 1899 verbis
1505 1855 1560 1899 et
1584 1849 1725 1900 fuste
1752 1848 1937 1912 nobili,
1964 1867 2032 1900 ne
2059 1849 2311 1918 deinceps

313 1935 512 1987 clericis
539 1935 798 1986 molestus
823 1934 879 1985 in
899 1934 1075 2001 aliquo
1093 1933 1261 1984 fieret.
1338 1933 1498 1984 Unde
1514 1931 1824 1984 verberatus
1851 1933 2056 2001 egregie
2082 1934 2313 2000 redienS,

310 2019 366 2070 in
394 2038 580 2071 omnes
615 2020 772 2071 curiae
816 2019 990 2071 socios
1033 2018 1205 2069 minas
1248 2019 1443 2068 multas
1484 2017 1718 2082 intorsit,
1757 2026 1811 2069 et
1854 2018 1909 2069 in
1947 2028 2312 2072 accusatorem

315 2123 470 2155 suum
516 2105 798 2174 praecipue,
844 2104 930 2156 cui
967 2122 1090 2155 cum
1130 2105 1267 2155 forte
1308 2103 1500 2154 fuisset
1544 2103 1775 2168 obviam,
1806 2104 2007 2173 juravit
2032 2123 2127 2173 per
2151 2105 2315 2159 fidem

314 2209 473 2258 quam
509 2191 738 2242 debebat
775 2189 913 2259 patri
955 2208 1053 2241 suo
1096 2190 1222 2257 regi,
1269 2190 1412 2257 quod
1454 2189 1634 2258 ipsum
1676 2189 1807 2241 dure
1833 2198 2101 2242 tractaret.
2178 2192 2315 2263 Map

314 2285 490 2327 autem
519 2277 690 2328 sciens
716 2277 894 2344 ipsum
919 2275 973 2326 in
995 2275 1314 2344 juramentis
1343 2274 1453 2326 suis
1474 2283 1679 2343 patrem
1710 2293 1867 2326 suum
1894 2294 2113 2344 ponere,
2142 2277 2235 2328 sed
2261 2285 2315 2330 et

317 2378 491 2428 regem
513 2361 777 2429 jactanter
803 2377 1014 2427 semper
1039 2376 1327 2427 apponere,
1354 2358 1445 2423 ait,
1473 2363 1507 2388 ‘⁶
1525 2359 1778 2422 Domine,
1807 2360 2004 2411 Paulus
2036 2362 2317 2430 apostolus

318 2444 461 2508 dicit,
502 2445 694 2495 Estote
738 2443 1032 2494 imitatores
1067 2443 1188 2506 Dei,
1241 2442 1381 2494 sicut
1418 2442 1514 2493 filii
1554 2442 1811 2494 carissimi
1830 2445 1881 2507 3*
1923 2444 2090 2496 Filius
2135 2454 2316 2498 autem

318 2531 422 2581 Dei
452 2530 598 2581 Deus
623 2539 807 2582 noster
834 2548 890 2581 se
915 2531 1221 2598 frequenter
1257 2530 1552 2581 secundum
1592 2528 1939 2582 infirmiorem
1982 2531 2064 2582 sui
2107 2541 2316 2600 partem

320 2636 375 2669 se
401 2617 568 2668 filium
593 2617 828 2669 hominis
855 2616 1082 2679 dicebat,
1109 2616 1270 2668 tacita
1298 2615 1471 2667 Patris
1489 2615 1717 2679 deitate3
1757 2616 1963 2668 utinam
1981 2625 2036 2669 et
2061 2626 2121 2669 tu
2141 2619 2319 2670 consi-

319 2702 431 2753 mili
457 2702 618 2753 velles
646 2702 945 2752 humilitate
971 2702 1150 2770 jurare
1190 2701 1486 2752 secundum
1529 2700 1714 2751 matris
1755 2701 1991 2752 officium
2031 2703 2316 2772 aliquando

320 2787 485 2839 celata
509 2786 675 2854 patris
701 2786 988 2855 regalitate.
1066 2785 1153 2837 Sic
1198 2785 1351 2836 decet
1389 2784 1586 2854 imitari
1613 2785 1792 2835 Deum
1822 2786 1913 2853 qui
1939 2785 2015 2836 nil
2040 2787 2147 2854 egit
2173 2806 2315 2839 arro-

318 2873 553 2941 ganter.’'
627 2873 766 2924 Tum
793 2873 897 2936 ille,
925 2872 1096 2940 capite
1123 2871 1368 2940 regaliter
1383 2879 1445 2921 ut
1466 2889 1583 2922 mos
1605 2879 1718 2922 erat
1741 2870 1818 2921 illi
1844 2889 2125 2938 concusso,
2142 2874 2315 2926 minas

320 2958 571 3009 intonuit.
649 2958 780 3026 Map
808 2966 985 3009 autem
1013 2957 1225 3026 adjecit,
1252 2960 1285 2985 “
1305 2956 1484 3008 Audio
1526 2957 1671 3025 quod
1710 2974 1806 3008 vos
1851 2959 2151 3024 emendavi,
2178 2959 2317 3012 sicut

323 3041 751 3110 archiepiscopus
813 3060 1036 3093 uxorem
1113 3041 1317 3092 suam.''
1414 3041 1650 3094 Quidam
1700 3049 1880 3093 autem
1934 3045 2317 3109 constantium,

323 3131 356 3155 ‘⁶
376 3128 519 3180 Quid
546 3128 648 3179 hoc
663 3127 723 3178 Ρ),
816 3128 891 3178 At
915 3128 1002 3178 ille
1032 3126 1132 3178 sibi
1159 3126 1510 3178 murmuravit
1535 3127 1588 3177 in
1617 3145 1760 3191 aure,
1787 3129 1929 3196 quod
1954 3148 2091 3181 uxor
2116 3131 2318 3183 archie-

327 3213 532 3281 piscopi
573 3214 839 3265 dormiens
883 3232 1003 3265 cum
1045 3214 1135 3264 illo
1182 3213 1426 3282 strepuit,
1453 3222 1508 3265 et
1533 3213 1599 3264 ab
1626 3213 2024 3285 archiepiscopo
2064 3235 2318 3286 percussa

328 3301 626 3368 restrepuit.
706 3301 826 3352 Hoc
869 3319 988 3352 cum
1036 3299 1273 3350 audisset
1316 3300 1516 3351 electus
1554 3299 1619 3351 ab
1654 3300 1764 3364 illo,
1803 3309 2056 3370 tanquam
2083 3321 2148 3354 ex
2173 3303 2319 3356 illata

1074 3413 1098 3438 *
1130 3413 1205 3462 Ep.
1228 3414 1277 3451 ad
1298 3414 1446 3463 Ephes.
1466 3427 1504 3452 v.
1529 3416 1565 3452 1.
