2638 3860
337 383 523 437 cap.ii.]
890 414 893 418 ,
977 384 1055 419 DE
1097 384 1282 421 Nums
1323 382 1700 420 CURIALIUM.
2216 369 2320 418 119

312 510 473 564 corde
498 516 594 562 tuo
620 516 773 563 tenes
799 509 1044 562 ancillam
1071 518 1197 576 tuae,
1225 510 1365 564 sicut
1389 529 1514 581 ergo
1540 528 1628 563 me
1651 507 1803 561 frena
1827 505 2025 559 nullius
2060 508 2322 577 potentiae

315 604 499 648 tenere
536 602 770 665 possunt
805 614 875 648 ne
909 595 1008 647 tibi
1043 595 1299 665 quaelibet
1334 604 1463 649 vota
1498 595 1790 666 perficiam,
1813 593 1962 646 nulla
2005 600 2062 645 te
2099 593 2323 646 calcaria

315 689 573 734 moveant
598 700 772 733 meam
791 681 960 734 vitare
986 682 1331 751 praesentiam
1355 683 1443 735 vel
1469 683 1700 751 effugere
1728 679 2056 733 societatem.
2134 679 2326 732 Credi-

315 766 423 820 bile
451 768 579 819 satis
606 774 690 819 est
723 767 868 836 quod
910 767 967 819 in
993 768 1142 820 omni
1179 768 1483 821 narratione
1510 787 1670 838 quam
1696 766 1923 820 extorsit
1946 764 2131 835 regina
2154 783 2323 818 verax

317 871 395 918 eS,
438 861 663 924 excepta
705 853 1044 907 confessione
1095 854 1418 920 timiditatis,
1452 872 1571 924 quae
1614 872 1892 923 nunquam
1931 851 1990 904 in
2029 869 2122 904 cor
2162 859 2323 903 tuum

319 940 579 993 ascendit.
670 939 951 1009 Singulare
977 958 1098 992 cum
1126 940 1339 1010 gigante
1366 948 1637 993 certamen
1661 939 1805 1004 volO,
1831 937 1956 1008 quia
1993 937 2069 990 sic
2108 937 2324 990 locutus

319 1043 395 1089 eS,
420 1025 601 1090 ineas3
629 1026 725 1078 sed
749 1025 806 1076 in
832 1025 993 1076 armis
1018 1025 1128 1077 tuis
1159 1044 1246 1078 me
1268 1025 1368 1077 sub
1395 1024 1477 1077 tui
1501 1031 1769 1094 praetextu
1793 1023 2031 1094 periculo
2059 1022 2324 1093 subjicere

318 1111 544 1180 placeat,
583 1118 648 1163 ut
689 1110 790 1162 sub
829 1110 1051 1162 nomine
1093 1117 1190 1162 tuo
1227 1109 1378 1162 nullo
1413 1109 1723 1162 consciente
1768 1109 1914 1161 salva
1953 1108 2054 1161 tibi
2086 1109 2325 1162 militum

318 1195 692 1259 indemnitate,
747 1212 818 1247 ne
875 1195 962 1248 vel
997 1194 1174 1247 victus
1218 1194 1400 1247 doleas
1436 1195 1526 1247 vel
1574 1213 1607 1246 a
1648 1194 1926 1264 triumpho
1982 1213 2070 1247 me
2121 1194 2327 1249 victore

318 1281 597 1341 frauderiS,
633 1288 696 1332 ut
739 1280 888 1333 nullo
925 1281 1102 1350 possit
1140 1299 1268 1333 casu
1306 1280 1535 1333 fortuitu
1574 1279 1801 1350 derupta
1845 1280 2099 1334 societate
2142 1289 2328 1334 nostra

318 1368 456 1421 livor
491 1367 713 1419 laetari.'’
791 1367 927 1419 Haec
963 1367 1213 1419 fidelibus
1251 1367 1482 1419 lacrimis
1527 1366 1854 1437 etsupplici
1887 1367 2092 1436 gemitu
2134 1367 2331 1420 Sadius

321 1453 582 1506 substitit.
659 1453 832 1523 Igitur
859 1454 998 1506 Galo
1043 1453 1242 1506 crebris
1281 1452 1605 1523 singultibus
1645 1471 1942 1523 suspensus
1981 1472 2013 1505 a
2047 1471 2328 1523 responSO,

322 1558 446 1592 cum
482 1539 631 1610 loqui
667 1540 950 1604 licuitsait,
995 1539 1299 1592 “Gaudeat
1337 1539 1478 1591 alma
1525 1539 1678 1604 fides,
1723 1547 1779 1591 et
1816 1538 1883 1591 ab
1924 1539 2158 1610 antiquis
2203 1540 2331 1593 exul

323 1626 513 1678 diebus
551 1627 673 1678 laeta
709 1627 982 1696 repatriet,
1021 1645 1264 1695 securam
1299 1645 1355 1679 se
1382 1626 1662 1679 defensore
1695 1625 1857 1678 Sadio
1896 1625 2180 1678 decantare
2215 1644 2332 1678 non

323 1711 528 1764 timeat.
588 1711 886 1764 Karissime
912 1711 1004 1778 mi,
1030 1712 1229 1781 reperit
1247 1729 1398 1764 amor
1417 1719 1544 1764 tuus
1560 1711 1702 1764 viam
1724 1729 1829 1780 qua
1854 1718 2106 1775 revertar,
2130 1718 2194 1764 ut
2218 1719 2334 1764 tuaev

323 1797 518 1848 modus
551 1797 881 1850 inventionis
916 1804 1262 1849 convertatur
1293 1796 1351 1848 in
1384 1795 1617 1860 modicO,
1654 1795 1856 1848 scilicet
1879 1803 1942 1847 ut
1966 1795 2152 1848 furtim
2182 1804 2334 1850 arma'

323 1890 509 1934 nostra
545 1889 841 1946 mutentur,
868 1889 922 1934 et
945 1882 1002 1933 in
1028 1881 1136 1933 tuis
1163 1900 1262 1952 ego
1289 1881 1653 1952 quorumlibet
1677 1881 1932 1950 opinione
1959 1881 2183 1951 decepta
2208 1900 2334 1934 cum

324 1969 538 2038 gigante
565 1966 893 2036 congrediar,
919 1966 1172 2036 quatinus
1199 1967 1377 2019 occiso
1414 1985 1501 2019 me
1525 1966 1725 2020 veritas
1753 1966 1916 2019 occisi
1953 1966 2237 2019 manifesta
2263 1966 2335 2020 sit

325 2055 413 2106 vel
457 2053 747 2122 superstite
786 2052 885 2104 tibi
921 2051 1089 2121 gloria
1139 2052 1402 2122 triumphi
1444 2053 1581 2105 clam
1627 2052 1888 2123 depositis
1922 2052 2084 2105 armis
2123 2053 2335 2106 solenni

326 2141 485 2192 laude
529 2139 842 2191 celebretur.
917 2139 1078 2190 Addo
1120 2139 1300 2203 etiam,
1351 2139 1498 2208 quod
1546 2147 1671 2191 ante
1713 2157 2061 2209 congressum
2112 2140 2334 2194 domino

329 2244 451 2278 meo
477 2225 605 2294 regi,
633 2224 865 2276 dominae
890 2224 1088 2293 reginae
1127 2242 1213 2276 me
1247 2231 1427 2276 tecum
1464 2223 1569 2275 hoc
1606 2230 1765 2292 pacto
1790 2231 2064 2276 retentum
2095 2223 2338 2291 intimeS,

330 2319 395 2363 ut
443 2328 541 2380 pro
591 2327 679 2362 me
729 2309 892 2361 duelli
933 2308 1221 2361 discrimen
1265 2307 1476 2361 subeaS.
1555 2308 1680 2360 Hoc
1721 2308 1882 2360 etiam
1933 2308 2065 2360 mihi
2112 2318 2337 2378 praestet

331 2396 565 2450 amicitia
590 2403 700 2456 tua,
726 2403 790 2447 ut
829 2395 967 2447 inter
991 2394 1144 2446 initia
1186 2393 1486 2458 conflictUS‚
1524 2394 1664 2445 facta
1702 2393 2092 2446 confluentium
2118 2412 2337 2461 corona,

330 2482 687 2535 liberatricem
712 2500 888 2533 meam
916 2480 1162 2545 advoceS,
1201 2488 1256 2531 et
1290 2479 1397 2549 ipsi
1435 2479 1535 2531 soli
1573 2479 1804 2532 revelata
1842 2479 1952 2531 doli
1989 2480 2161 2531 nostri
2197 2481 2337 2534 veri-

332 2576 444 2621 tate
495 2586 678 2620 secum
728 2574 845 2620 toto
895 2574 1139 2635 tempore
1189 2564 1474 2617 conflictus
1513 2563 1798 2616 consilium
1842 2562 2042 2615 habeas
2091 2567 2338 2620 consola-

333 2654 515 2718 tioniS‚
557 2654 602 2705 si
641 2654 781 2706 forte
819 2672 939 2706 cum
981 2652 1099 2722 ipsa
1122 2651 1210 2704 vel
1246 2669 1312 2703 ex
1351 2650 1551 2702 nostris
1578 2649 1769 2720 aliquae
1794 2650 1972 2702 velex
2005 2649 2191 2703 alienis
2217 2653 2338 2707 aliae

334 2739 663 2792 convenerit.
727 2738 1038 2807 Cognosces
1063 2736 1211 2787 illam
1235 2735 1483 2787 maximis
1499 2734 1810 2804 proximans
1836 2734 2195 2788 mediocribus
2221 2757 2338 2791 ma-

328 2826 504 2894 jorem
529 2824 635 2876 alta
661 2824 883 2888 cervice,
911 2821 1141 2892 scapulis
1168 2821 1434 2886 demissiS,
1464 2820 1605 2873 felici
1629 2821 1966 2891 proceritate,
1991 2839 2102 2890 prae
2128 2824 2336 2876 caeteris

334 2917 640 2973 venustam,
677 2916 742 2961 ut
777 2909 953 2978 possit
978 2908 1139 2961 decor
1165 2915 1386 2978 opertus
1413 2926 1479 2960 ex
1515 2907 1620 2959 hiis
1653 2925 1772 2976 quae
1812 2915 1940 2959 sunt
1975 2915 2159 2977 aperta
2196 2908 2339 2961 desi-

336 2995 584 3046 deranter
609 2995 844 3064 appeti.·‘'

409 3078 587 3132 Dictis
637 3078 741 3130 hiis
792 3085 848 3130 et
894 3078 1126 3130 fideliter
1174 3076 1491 3141 observatis,
1542 3094 1663 3129 ecce
1718 3077 1982 3129 salvatum
2045 3077 2341 3131 solenniter

337 3171 659 3234 occupatum
710 3182 741 3215 a
789 3163 1011 3216 cohorte
1059 3162 1290 3232 gigantis
1339 3179 1512 3232 usque
1561 3162 1629 3213 ad
1665 3170 1875 3232 partem
1924 3163 2174 3228 mediam,
2212 3182 2337 3234 pars

338 3250 504 3302 altera
558 3248 670 3318 regi
731 3265 892 3317 quem
948 3247 1136 3300 dicunt
1195 3247 1522 3300 Asianorum
1583 3247 1918 3318 relinquitur,
1969 3257 2024 3302 et
2084 3249 2341 3320 impletur

338 3335 576 3405 opipare.
653 3332 901 3403 Gigantis
938 3332 1102 3403 igitur
1144 3340 1322 3386 erecto
1367 3333 1600 3386 tentorio
1638 3334 1897 3404 pretioso,
1940 3352 2120 3388 coram
2156 3335 2339 3388 hostio

334 3420 554 3481 tentorii
595 3427 914 3476 cunctorum
965 3419 1023 3472 in
1078 3419 1247 3473 oculis
1302 3419 1497 3490 pannis
1548 3420 1796 3490 regaliter
1834 3421 2105 3477 insidebat
2158 3419 2342 3477 sericis
