2638 3860
380 384 482 436 cap.
502 385 578 434 vi.]
1030 386 1108 420 DE
1150 386 1333 422 Nums
1375 387 1748 423 cunrALmM.
2254 379 2357 425 233

355 524 594 577 dedisset
634 544 752 578 eam
798 525 902 595 ipsi
945 524 1174 595 filiisque
1223 526 1334 578 suis
1376 535 1431 580 et
1473 528 1597 580 duci
1626 528 1890 593 Saxoniae,
1915 528 2098 599 pelves
2138 530 2354 599 proprio

352 609 535 662 clienti
562 611 711 663 dedit
736 619 790 670 et
817 611 1000 663 sedere
1025 612 1277 681 perrexit.
1357 613 1478 666 Hoc
1504 621 1685 666 autem
1726 614 1909 666 multis
1945 614 2352 678 admirantibuS,

355 705 410 748 et
448 697 771 750 cubiculario
812 698 949 767 regis
988 698 1252 750 instanter
1277 700 1460 768 pelves
1498 708 1735 769 petente,
1779 700 1956 770 abegit
1989 719 2112 752 eum
2147 719 2258 765 rex,
2297 710 2353 753 et

353 782 470 834 sine
515 784 865 836 similitudine
911 783 1091 836 delicti
1143 785 1284 837 tulit.
1378 786 1669 837 Affuerunt
1718 804 1783 838 ex
1830 786 2028 839 invidis
2070 787 2350 838 Willielmi

352 875 512 919 nocte
540 868 786 937 sequenti
812 869 1043 920 maxime
1069 868 1206 921 circa
1226 887 1424 938 regem,
1450 869 1791 939 pluriumque
1823 870 1915 940 qui
1940 870 2181 940 rapinam
2207 871 2350 923 illius

350 951 710 1004 celeberrimae
727 952 833 1004 diei
860 970 1167 1021 mensaeque
1193 953 1350 1022 regiae
1376 955 1583 1006 cunctis
1609 956 1922 1024 praeferrent
1947 955 2277 1019 excessibuS,
2294 963 2349 1007 et

350 1037 590 1090 dicerent
615 1038 793 1107 ipsum
819 1057 998 1107 regem
1025 1039 1308 1108 pacificum
1348 1048 1403 1091 et
1427 1059 1537 1092 non
1565 1041 1822 1093 scelerum
1848 1042 2096 1106 ultorem,
2123 1049 2178 1094 et
2204 1060 2348 1111 quae-

347 1141 562 1192 cunque
587 1131 813 1193 possent
838 1143 962 1177 eum
989 1125 1224 1177 efferare.
1301 1125 1515 1178 Deinde
1542 1126 1868 1178 circuierunt
1892 1127 2126 1196 hospitia
2149 1126 2345 1197 princi-

350 1227 481 1277 pum
506 1209 562 1259 id
589 1217 823 1277 agenteS,
851 1209 996 1279 quod
1022 1209 1166 1279 apud
1191 1228 1370 1280 regem
1396 1229 1496 1263 nec
1521 1210 1778 1263 absistere
1797 1212 2098 1277 voluerunt,
2125 1220 2217 1264 aut
2234 1231 2351 1264 non.

349 1302 660 1363 potuerunt,
683 1295 936 1363 quoniam
953 1294 1154 1346 invidia
1178 1314 1289 1347 non
1315 1303 1524 1364 pausat,
1551 1304 1605 1348 et
1630 1296 1667 1348 J
1672 1297 1802 1348 udas
1837 1316 1948 1349 non
1985 1297 2199 1350 dormit.
2277 1297 2344 1348 In

346 1380 581 1431 crastino
622 1381 913 1433 consedere
967 1381 1149 1445 duceS,
1188 1389 1243 1433 et
1301 1374 1628 1434 senescallus
1681 1382 2030 1435 Normanniae
2076 1382 2343 1452 querelam

348 1466 486 1535 regis
538 1467 790 1518 omnibus
832 1467 1084 1536 exposuit
1139 1468 1394 1520 adversus
1437 1468 1810 1532 Willielmum,
1857 1487 2084 1521 onerans
2129 1488 2246 1521 eam
2290 1475 2346 1520 et

349 1571 640 1621 aggravans
686 1562 948 1621 quantum
994 1554 1166 1606 scivit.
1267 1553 1502 1623 Surgens
1529 1572 1652 1623 ergo
1679 1555 2023 1619 Willielmus,
2066 1563 2121 1607 et
2162 1554 2346 1623 rapina

348 1646 556 1707 negata,
579 1638 883 1701 subintulit,
925 1643 960 1668 “
987 1639 1199 1692 Scimus
1227 1658 1415 1691 omnes
1443 1647 1498 1691 et
1522 1658 1681 1692 nemo
1717 1640 1928 1692 dubitat
1965 1641 2092 1710 quin
2125 1640 2343 1692 domino

348 1733 536 1776 nostro
564 1724 827 1794 curiaeque
854 1724 1108 1793 praesenti
1133 1725 1339 1793 placeat
1358 1724 1586 1794 justitia,
1614 1725 1890 1794 displiceat
1917 1726 2092 1778 omnis
2113 1725 2345 1777 enormi·

346 1818 462 1874 tas3
501 1811 702 1862 ultores
730 1810 873 1862 enim
903 1811 1163 1863 scelerum
1194 1818 1249 1862 et
1273 1811 1473 1880 rapinae
1500 1811 1644 1881 quod
1671 1821 2066 1881 persequuntur
2093 1813 2342 1865 oderunt.

349 1895 474 1950 Vim
535 1896 753 1964 quidem
797 1896 976 1959 intuli,
1020 1915 1130 1948 non
1173 1896 1502 1948 violentiam.
1604 1897 1751 1951 Quid
1795 1899 1939 1950 enim
1991 1898 2054 1949 fit
2097 1898 2212 1950 sine
2251 1897 2342 1949 vi?

346 1981 717 2033 Veruntamen
755 1982 906 2050 justa
931 1981 984 2032 vi
1022 1982 1249 2051 jureque
1290 1982 1428 2034 traxi
1461 1982 1663 2051 pelveS,
1704 2001 1949 2034 summus
1976 1983 2179 2035 domini
2208 1982 2344 2051 regis

342 2067 684 2128 camerarius,
715 2087 846 2137 quas
873 2068 961 2119 ille
984 2067 1232 2119 subditus
1259 2086 1412 2119 meus
1440 2075 1756 2138 extorquere
1791 2077 2014 2121 conatus
2040 2078 2123 2122 est
2148 2069 2346 2138 injusta

346 2153 616 2205 violentia.
696 2153 860 2206 Quod
898 2160 1079 2204 autem
1105 2152 1230 2204 inde
1270 2152 1453 2220 praedo
1481 2152 1600 2216 sim,
1627 2161 1689 2204 ut
1733 2153 1938 2205 domini
1980 2154 2118 2221 regis
2156 2152 2345 2205 asserit

344 2239 687 2302 senescallus,
714 2239 817 2291 hoc
863 2238 1188 2300 contradico,
1216 2236 1339 2305 quia
1365 2237 1509 2306 quod
1551 2236 1683 2287 mihi
1717 2238 1806 2305 jus
1851 2238 2176 2306 appropriat,
2196 2239 2343 2306 juste

344 2326 462 2378 tuli.
564 2326 722 2377 Pater
767 2343 921 2376 meus
967 2343 1089 2377 cum
1131 2322 1401 2374 abbatiam
1444 2322 1661 2374 fecisset
1702 2322 1759 2373 in
1802 2323 2139 2375 Tankervilla
2183 2323 2341 2377 beato

347 2411 600 2481 Georgio,
618 2411 800 2480 posuit
815 2411 870 2463 in
892 2430 954 2463 ea
974 2410 1155 2479 pelves
1183 2427 1313 2477 quas
1331 2427 1361 2458 a
1381 2408 1630 2459 manibus
1644 2407 1781 2476 regis
1804 2408 2027 2460 Henrici
2041 2409 2198 2478 primi
2217 2410 2340 2478 jure

347 2516 446 2550 suo
468 2498 581 2550 sine
608 2498 700 2549 lite
722 2498 933 2561 tulerat,
956 2496 1099 2566 quod
1122 2495 1296 2546 adhuc
1312 2494 1387 2546 ibi
1406 2501 1690 2556 testantur,
1713 2494 1954 2546 similiter
1978 2502 2032 2546 et
2056 2495 2198 2546 idem
2225 2495 2340 2546 aliae

344 2583 635 2636 testificant
654 2583 710 2634 in
729 2582 1055 2635 monasterio
1082 2581 1253 2633 beatae
1272 2578 1541 2631 Barbarae.
1618 2579 1675 2630 Si
1701 2597 1827 2631 vero
1854 2580 2019 2630 tantis
2054 2598 2163 2631 non
2190 2580 2340 2631 adhi-

341 2669 499 2721 betur
523 2669 656 2720 fides
683 2667 1074 2732 instrumentiS,
1102 2667 1147 2718 si
1173 2665 1292 2735 quis
1321 2684 1376 2717 se
1398 2665 1506 2734 juri
1533 2683 1653 2716 meo
1670 2665 2072 2734 praesumpserit
2097 2665 2341 2717 adversa-

341 2755 482 2807 rium
510 2774 799 2825 opponere,
826 2761 1026 2824 praesto
1055 2772 1173 2805 sum
1194 2752 1328 2804 illud
1354 2769 1586 2804 asserere
1621 2769 1939 2820 quacunque
1958 2751 2011 2802 vi
2038 2751 2119 2802 vel
2143 2750 2339 2802 virtute

345 2840 581 2893 sanxerit
606 2841 722 2893 haec
760 2841 921 2902 curia,
948 2839 1161 2891 nemine
1188 2854 1285 2906 pro
1313 2854 1398 2888 me
1441 2835 1736 2898 nominatO,
1765 2835 1858 2886 sed
1884 2834 1938 2886 in
1965 2853 2192 2903 persona
2217 2854 2340 2904 pro-

341 2926 473 2995 pria.
552 2925 716 2978 Quod
761 2932 941 2976 autem
985 2922 1254 2975 immerito
1299 2938 1384 2972 me
1426 2919 1582 2970 multi
1624 2918 1933 2970 detulerunt
1973 2918 2191 2970 domino
2218 2938 2338 2971 meo

341 3029 511 3075 reum,
533 3018 587 3062 et
611 3012 741 3061 iram
764 3011 879 3079 ejus
906 3010 1194 3061 adversum
1219 3024 1305 3058 me
1333 3005 1539 3058 fortiter
1563 3011 1998 3074 aggravaverunt,
2018 3023 2129 3055 non
2154 3004 2338 3056 timeo,

344 3097 466 3149 Scio
494 3097 634 3165 quod
665 3096 811 3147 nulla
836 3095 1036 3165 poterit
1054 3093 1317 3163 judicium
1345 3092 1458 3161 ejus
1484 3090 1562 3141 ira
1586 3099 1903 3159 pervertere.
1980 3090 2140 3141 Forte
2159 3089 2337 3159 plures

338 3183 536 3235 adsunt
552 3182 641 3251 qui
660 3181 790 3233 mihi
808 3181 943 3233 clam
963 3179 1301 3242 insidiantur,
1318 3177 1524 3228 utinam
1543 3176 1709 3227 velint
1725 3175 1897 3244 palam
1919 3175 2145 3244 experiri
2159 3175 2336 3243 justo-

338 3287 444 3338 que
483 3268 687 3337 judicio
726 3276 837 3319 tam
881 3266 1049 3318 unitae
1089 3272 1199 3316 tam
1237 3264 1420 3315 electae
1462 3261 1620 3314 curiae
1660 3260 1937 3329 subjicere,
1961 3260 2107 3329 quod
2134 3270 2336 3312 secreto

338 3361 637 3405 susurrant.
713 3351 884 3403 Novit
929 3348 1180 3401 dominus
1226 3355 1410 3400 noster
1450 3364 1543 3399 rex
1586 3355 1641 3398 et
1693 3347 1793 3409 sui,
1835 3346 2063 3416 qualiter
2107 3344 2172 3396 ab
2216 3345 2333 3413 ipso

412 3456 603 3490 CAMD.
633 3455 753 3490 soc.
1941 3435 1976 3481 2
2011 3449 2047 3482 ει
