2638 3860
374 413 475 471 170
1050 414 1360 451 GUAL'rmu
1399 411 1601 447 MAPEs
1882 425 1887 430 ·
2032 407 2232 459 [Distinc.
2260 407 2338 447 IV.

372 562 672 616 famulatur.
748 558 926 609 Mater
949 554 1059 606 filio
1085 553 1200 605 visa
1231 550 1448 603 revelat.
1524 549 1669 617 Ergo
1697 546 1799 598 sibi
1825 546 2138 616 presbytero
2177 546 2363 609 ascito,

371 647 616 716 inopinas
656 647 934 709 occupant,
956 657 1091 707 aqua
1128 636 1411 688 benedicta
1436 639 1816 701 conspergunt,
1854 649 1973 700 quae
2012 631 2192 683 subito
2224 632 2365 682 saltu

372 740 572 784 tectum
589 732 832 796 penetrat
847 732 901 776 et
919 724 1126 774 ululatu
1146 739 1338 789 magno
1360 720 1452 771 diu
1468 719 1611 771 culta
1629 717 1940 785 relinquunt
1954 716 2206 784 hospitia.
2247 717 2365 767 Nec

378 812 638 867 miremini
664 812 708 863 si
734 810 1002 863 Dominus
1029 807 1271 860 ascendit
1296 804 1657 874 corporaliter,
1684 821 1806 855 cum
1832 802 1936 854 hoc
1969 801 2220 870 pessimis
2247 818 2367 869 per-

373 897 579 950 miserit
624 894 897 958 creaturiS,
943 911 1074 962 quas
1119 891 1282 944 etiam
1319 908 1538 942 necesse
1566 889 1636 941 sit
1681 888 1932 940 deorsum
1970 886 2167 939 invitas
2210 886 2367 938 trahi.

374 984 554 1052 Hujus
581 981 754 1033 adhuc
780 986 927 1032 extat
953 978 1121 1030 multa
1145 976 1443 1046 progenieS.

864 1121 993 1172 Item
1019 1122 1079 1171 de
1105 1120 1294 1171 eisdem
1319 1117 1753 1186 apparitionibm.
1827 1133 1880 1168 x·

445 1239 656 1291 Scimus
683 1236 827 1305 quod
851 1243 1094 1304 tempore
1120 1233 1398 1285 Willielmi
1425 1231 1722 1284 Bastardi*
1759 1230 2024 1299 praeclarae
2044 1229 2127 1280 vir
2150 1228 2372 1294 indolis,

374 1325 525 1392 cujus
562 1321 833 1391 possessio
871 1321 975 1372 fuit
1017 1318 1300 1372 Ledebiria
1337 1318 1585 1381 borealiS,
1622 1317 1687 1368 de
1726 1323 1869 1368 coetu
1906 1323 2171 1367 nocturno
2198 1315 2371 1367 foemi-

373 1427 563 1460 narum
590 1406 958 1460 choreantium
983 1404 1399 1474 pulcherrimam
1425 1403 1620 1471 rapuit,
1661 1402 1726 1453 de
1765 1420 1869 1469 qua
1895 1402 2182 1452 contractis
2210 1419 2373 1469 spon-

377 1493 576 1544 salibus
613 1492 783 1543 filium
817 1490 1072 1560 suscepit,
1100 1490 1253 1558 cujus
1280 1497 1393 1540 tam
1418 1490 1603 1539 formae
1631 1506 1790 1556 quam
1816 1487 2016 1556 rapinae
2042 1486 2224 1538 audito
2250 1504 2371 1555 pro-

374 1579 514 1647 digio
540 1578 764 1629 miratur
788 1594 881 1627 rex
908 1584 963 1627 et
988 1594 1105 1627 eam
1131 1574 1186 1625 in
1217 1573 1445 1626 concilio
1473 1572 1850 1624 Lundoniensi
1867 1575 1900 1633 †
1939 1571 2131 1623 deduci
2155 1571 2281 1624 fecit
2317 1571 2374 1622 in

374 1664 625 1727 medium,
659 1662 1064 1729 confessamque
1104 1660 1329 1711 remisit.
1424 1659 1606 1727 Hujus
1632 1658 1776 1709 filius
1803 1658 2069 1721 AlnodUS,
2096 1656 2178 1708 vir
2207 1656 2375 1708 chris-

371 1748 701 1799 tianissimus
747 1756 801 1798 et
839 1747 1057 1798 tandem
1096 1744 1484 1814 particulariter
1517 1743 1841 1813 paraliticUS,
1866 1742 2023 1795 victis
2062 1742 2283 1794 medicis
2322 1749 2377 1793 et

372 1833 745 1902 impotentiam
771 1831 1045 1901 professis,
1074 1850 1129 1883 se
1150 1831 1317 1900 jussit
1345 1829 1722 1882 Herefordiam
1749 1828 1959 1891 deferri,
1986 1836 2039 1879 et
2063 1827 2119 1878 in
2154 1827 2378 1879 ecclesia

372 1918 517 1969 beati
542 1917 841 1969 AEdelberti
859 1917 997 1984 regis
1015 1926 1069 1967 et
1088 1915 1334 1984 martyris
1363 1916 1480 1983 ejus
1507 1913 1705 1965 meruit
1731 1912 1938 1964 absolvi
1964 1911 2169 1963 meritis
2190 1933 2206 1976 3
2233 1913 2378 1964 unde

375 2002 616 2071 pristinae
641 2002 883 2053 redditus
907 1999 1262 2052 incolumitati
1302 2017 1454 2050 suam
1479 1998 1556 2049 ibi
1594 1998 1923 2049 Ledibiriam
1959 1998 2080 2048 Deo
2107 1997 2375 2066 matrique

378 2086 602 2138 Domini
628 2093 682 2136 et
705 2085 816 2153 regi
842 2091 895 2135 et
921 2083 1142 2152 martyri
1181 2083 1474 2135 Adelberto
1501 2091 1766 2151 perpetuo
1795 2082 1945 2134 dedit
1969 2082 2381 2151 possidendam,

379 2189 538 2240 quam
564 2170 738 2221 adhuc
767 2168 1006 2237 ejusdem
1034 2167 1138 2218 loci
1164 2167 1408 2235 pontifex
1432 2175 1582 2219 tenet
1599 2168 1656 2218 in
1676 2186 1824 2237 pace,
1847 2177 2032 2219 sextus
2055 2171 2082 2232 1
2109 2176 2170 2218 ut
2186 2166 2383 2218 dicitur

379 2255 445 2306 ab
473 2272 535 2305 eo
563 2254 654 2322 qui
680 2271 796 2305 eam
824 2253 889 2303 de
915 2270 1079 2303 manu
1103 2251 1305 2303 Alnodi
1331 2252 1586 2320 suscepit,
1611 2252 1713 2304 viri
1738 2253 1894 2321 cujus
1925 2260 2095 2303 mater
2131 2253 2186 2303 in
2227 2270 2381 2303 auras

379 2339 614 2402 evanuit,
640 2338 924 2390 manifesta
950 2338 1155 2389 visione
1182 2338 1477 2389 multorum
1502 2337 1848 2407 indignanter
1864 2338 2255 2408 improperium
2279 2336 2382 2390 viri

381 2423 463 2475 sui
487 2424 681 2488 ferenS,
708 2423 852 2492 quod
878 2441 995 2479 eam
1022 2441 1052 2473 a
1078 2422 1303 2474 mortuis
1330 2422 1613 2492 rapuisset.

815 2567 898 2617 De
906 2566 1215 2632 fantastica
1241 2566 1532 2630 deceptione
1562 2563 1826 2616 Gerberti.
1899 2564 1970 2616 xi.

456 2678 594 2731 Quis
644 2678 981 2731 fantasticam
1031 2679 1225 2730 famosi
1269 2678 1443 2731 nescit
1480 2679 1788 2731 illusionem
1830 2678 2082 2731 Gerberti
2102 2680 2168 2745 ἒξ
2247 2677 2384 2730 Ger-

435 2825 457 2848 *
487 2825 587 2863 This
620 2829 731 2876 story
749 2825 822 2864 has
853 2825 957 2865 been
988 2826 1148 2877 already
1168 2827 1288 2877 given
1306 2827 1350 2865 in
1405 2830 1448 2865 to
1467 2839 1572 2865 were
1602 2826 1758 2864 Robert
1786 2825 1921 2865 Foliot
1940 2838 1986 2864 or
2005 2825 2185 2864 William
2205 2825 2270 2864 his
2291 2839 2383 2865 suc-

387 2891 565 2929 Distinc.
587 2890 666 2935 IL,
689 2903 724 2928 c.
750 2891 816 2936 13,
838 2903 950 2930 more
969 2895 1010 2929 at
1028 2892 1184 2942 length.
1404 2905 1555 2932 cessor.
1614 2893 1665 2931 In
1695 2893 1764 2931 the
1784 2893 1938 2932 former
1957 2906 2048 2932 case
2078 2894 2148 2932 the
2175 2893 2323 2945 bishop
2343 2894 2391 2933 of

436 2958 465 3005 †
488 2958 619 2997 There
639 2971 740 2996 were
773 2962 854 2997 two
888 2958 1062 2998 London
1095 2960 1278 2999 councils
1305 2961 1349 2998 in
1407 2960 1610 2999 Hereford
1628 2963 1671 2999 to
1690 2960 1823 2999 whom
1851 2961 1988 2999 Alnod
2015 2974 2115 3010 gave
2144 2961 2214 2999 the
2241 2974 2386 3000 manor

386 3023 455 3063 the
481 3026 593 3075 reign
624 3026 670 3064 of
697 3026 879 3064 William
916 3026 986 3065 the
1025 3027 1277 3078 Conqueror,
1308 3029 1350 3066 in
1406 3028 1453 3066 of
1487 3028 1678 3079 Ledbury
1705 3028 1841 3067 North
1860 3030 1994 3067 would
2029 3029 2080 3067 be
2115 3029 2302 3080 Geoffrey
2336 3029 2387 3068 de

389 3092 490 3132 1075
513 3093 590 3130 aud
612 3093 729 3139 1078,
751 3092 824 3131 but
836 3093 914 3132 itis
933 3094 1140 3132 uncertain
1162 3099 1206 3132 to
1218 3095 1351 3133 which
1408 3095 1620 3134 Clive—in
1658 3096 1728 3134 the
1765 3097 1889 3135 latter
1927 3097 2123 3144 Richard,
2165 3097 2256 3136 who
2293 3109 2384 3135 suc·

389 3156 533 3207 Mapes
552 3159 647 3197 here
666 3159 805 3198 refers.
1408 3164 1554 3202 ceeded
1574 3164 1658 3202 him
1677 3164 1720 3202 in
1744 3167 1863 3212 1120,
1887 3165 1965 3203 and
2002 3165 2094 3203 died
2123 3167 2165 3202 at
2194 3163 2387 3214 Ledbury

441 3224 465 3271 ’ζ
495 3225 613 3263 From
629 3226 698 3264 the
712 3226 867 3277 variety
882 3227 928 3265 of
943 3227 1055 3266 dates
1070 3228 1116 3266 of
1129 3228 1199 3267 the
1211 3229 1360 3278 period
1416 3231 1459 3269 in
1480 3232 1497 3267 l
1514 3233 1609 3271 127.
1668 3232 1830 3283 Pehaps
1850 3233 1884 3271 it
1903 3245 1982 3271 was
2003 3232 2074 3270 the
2093 3232 2230 3270 latter.

388 3290 440 3338 ⁰f
450 3293 613 3341 writinq
642 3293 686 3330 in
713 3293 783 3331 the
817 3298 981 3343 present
999 3295 1124 3341 work,
1146 3295 1179 3334 it
1197 3296 1232 3334 is
1251 3296 1356 3334 diffi-
1467 3301 1486 3344 §
1521 3299 1622 3338 This
1659 3300 1695 3338 is
1733 3312 1758 3338 a
1792 3312 1891 3350 very
1927 3298 2179 3337 remarkable
2221 3297 2385 3347 legend,

388 3358 471 3395 cult
489 3362 532 3396 to
553 3359 691 3397 decide
721 3359 758 3397 if
782 3359 852 3398 the
881 3360 1029 3412 bishop
1055 3362 1151 3400 here
1180 3363 1356 3402 referred
1411 3365 1584 3417 relating
1603 3371 1646 3405 to
1666 3379 1744 3406 one
1762 3367 1810 3406 of
1833 3367 1904 3406 the
1931 3370 2107 3417 greatest
2125 3378 2219 3404 men
2247 3365 2294 3404 of
2317 3365 2388 3403 the
