2638 3860
288 364 357 411 24
946 377 949 379 ·
1003 369 1313 406 GUALTERI
1353 368 1559 403 MAPEs·
1989 364 2185 414 [Distinc.
2209 363 2246 401 Ι.

287 505 416 550 sunt
441 498 495 548 in
523 496 787 566 stipendia
812 494 1061 558 militum,
1086 492 1211 544 facti
1238 492 1508 544 mercedes
1547 497 1602 542 et
1626 506 1827 541 merces
1854 506 2057 541 eorum.
2124 489 2276 540 'Cum

288 591 373 635 tot
407 583 483 633 illi
522 579 1041 634 contribulatissimae
1086 577 1288 629 civitati
1330 576 1606 645 prophetae
1650 575 1901 626 dixerunt
1942 574 2178 625 ululatus
2223 579 2278 623 et

284 675 482 735 pestes,
509 666 682 717 clades
709 672 762 716 et
788 671 1003 725 mortes,
1028 663 1127 712 hac
1151 661 1266 712 vice
1292 660 1504 712 videtur
1528 659 1798 710 Dominus
1838 676 2023 709 eorum
2065 655 2276 709 oracula

285 751 598 802 cumulasse.
653 748 805 815 Saepe
826 746 1070 797 liberavit
1095 764 1211 796 eam
1229 744 1518 806 Dominus,
1544 750 1598 794 et
1616 742 1672 792 in
1694 742 1842 794 omni
1860 741 2052 792 furoris
2068 741 2279 809 impetu

284 852 392 885 non
419 842 502 884 est
526 832 722 883 oblitus
749 832 863 899 ejus
889 830 1161 893 misereri3
1201 836 1255 880 at
1280 846 1424 879 nunc
1452 827 1546 877 ubi
1588 826 1734 877 nulla
1777 825 2075 889 seminaria,
2114 825 2276 876 nullae

282 916 532 985 reliquiae,
558 915 692 966 nihil
717 923 799 966 est
824 915 1117 978 residuum,
1147 932 1263 983 quae
1289 932 1433 964 nunc
1458 911 1716 976 liberatio,
1745 929 1862 979 quae
1900 929 2044 962 nunc
2084 927 2277 978 expec-

282 1002 431 1065 tatio,
453 1018 569 1069 quae
589 1017 733 1050 nunc
751 999 1126 1050 misericordiae
1154 1000 1317 1066 spes?
1397 997 1554 1048 Certe
1581 995 1850 1047 Dominus
1877 996 2110 1047 Jhesus:
2151 995 2278 1046 licet

282 1103 440 1138 nemo
465 1085 644 1136 videat
667 1084 811 1134 unde
837 1083 1010 1151 possit
1047 1090 1142 1133 aut
1188 1082 1457 1150 quomodo
1500 1081 1576 1133 rei
1618 1099 1837 1149 prorsus
1880 1080 2104 1148 perditae
2149 1078 2278 1130 sub-

281 1170 466 1221 veniri.
539 1170 682 1219 Nam
707 1168 850 1218 idem
875 1168 990 1236 ipse
1022 1167 1113 1235 qui
1140 1166 1385 1218 surditati
1428 1166 1531 1216 fuit
1573 1165 1805 1228 auditus,
1850 1164 2075 1216 caecitati
2119 1164 2275 1228 visio,

283 1255 428 1319 putri
475 1261 687 1305 mortuo
735 1253 862 1315 vita,
907 1271 1007 1303 nos
1057 1270 1152 1320 per
1193 1251 1547 1320 impossibilia
1583 1250 1753 1301 multa
1802 1248 1984 1300 docuit
2026 1248 2082 1298 in
2126 1248 2274 1298 nullo

286 1337 693 1406 desperandum.
770 1337 966 1387 Factus
1001 1343 1084 1386 est
1110 1335 1236 1387 olim
1274 1335 1422 1387 velut
1464 1334 1713 1386 inimicus
1758 1351 1910 1385 servo
1951 1351 2048 1384 suo
2099 1331 2280 1383 David

285 1427 489 1470 amator
507 1419 620 1487 ejus
636 1418 923 1480 Dominus,
945 1417 1013 1468 ob
1040 1417 1466 1468 numerationem
1491 1415 1679 1484 populi
1705 1434 1864 1484 quam
1890 1416 2104 1479 fecerat,
2126 1414 2278 1483 quasi

284 1503 499 1554 meritas
542 1503 590 1553 ei
632 1502 815 1552 laudes
859 1500 1198 1552 victoriarum
1239 1501 1518 1569 abroganS,
1576 1507 1632 1550 et
1685 1500 1836 1568 quasi
1897 1500 1999 1551 sibi
2061 1516 2278 1567 suaeque

284 1586 616 1637 multitudini
679 1585 983 1654 praeliorum
1027 1586 1296 1636 ascribens
1347 1594 1590 1647 eventUS,
1637 1591 1693 1636 et
1730 1603 1827 1653 per
1866 1585 2114 1652 angelum
2156 1601 2280 1652 per-

282 1686 553 1721 cussorem
580 1670 916 1737 septuaginta
942 1669 1087 1720 milia
1113 1669 1400 1721 trucidavit
1437 1669 1738 1721 hominum.
1816 1669 2110 1738 Castigatio
2154 1668 2275 1732 fuit,

283 1772 393 1805 non
430 1754 581 1816 ultio,
626 1772 744 1822 quae
771 1754 1075 1823 superbiam
1101 1755 1418 1819 humiliavit,
1446 1773 1564 1822 quae
1601 1772 1713 1805 non
1752 1755 1991 1806 hostium
2018 1755 2144 1806 fecit
2168 1755 2279 1806 vic-

282 1838 491 1901 toriam,
534 1857 645 1889 non
684 1838 1023 1889 inimicorum
1064 1840 1256 1890 extulit
1317 1840 1551 1903 laudem,
1599 1857 1708 1890 non
1772 1839 1969 1890 civium
2027 1839 2279 1889 excitavit

283 1921 556 1985 invidiam,
582 1939 693 1972 non
719 1923 1093 1973 verecundiam
1119 1923 1275 1987 laesit,
1314 1942 1424 1975 non
1461 1923 1663 1974 inflixit
1705 1923 1956 1986 dedecus,
1996 1941 2107 1974 non
2147 1922 2279 1975 resi—

284 2006 546 2057 duitatem
571 2005 822 2070 abstulit3
863 2025 980 2075 quae
1020 2008 1242 2059 modum
1282 2007 1487 2071 habuit,
1529 2026 1646 2076 quae
1679 2007 1872 2059 direxit
1910 2025 2108 2076 regem,
2151 2026 2272 2077 quae

283 2091 543 2158 populum
559 2108 656 2158 pro
677 2098 826 2159 parte
853 2092 1082 2143 servavit
1109 2092 1485 2155 seminarium3
1529 2093 1644 2144 haec
1669 2099 1876 2160 patrem
1904 2092 2101 2143 sentire
2128 2092 2278 2144 dedit

284 2193 395 2226 non
419 2175 649 2239 hostem,
673 2175 875 2243 virgam
913 2194 1023 2227 non
1064 2176 1317 2244 gladium.
1390 2177 1520 2228 Non
1559 2177 1662 2228 fuit
1704 2177 1781 2228 ibi
1823 2195 2002 2229 rerum
2043 2177 2274 2229 vastatio

283 2259 370 2310 vel
408 2260 764 2327 possessionis
809 2260 1074 2323 alienatio,
1118 2278 1216 2312 nec
1261 2268 1344 2312 est
1384 2261 1703 2312 translatum
1745 2261 2065 2329 imperium3
2118 2263 2276 2314 archa

283 2343 497 2407 resedit,
543 2363 688 2396 sacra
723 2353 1054 2408 manserunt,
1097 2345 1431 2414 residuisque
1476 2346 1764 2410 securitas3
1818 2354 2061 2398 mortuos
2086 2366 2277 2399 nume-

282 2436 548 2491 raverunt,
588 2430 925 2497 planxerunt,
968 2431 1294 2499 sepelierunt
1313 2451 1328 2494 3
1379 2431 1518 2482 felici
1570 2431 1738 2499 gavisi
1783 2439 1910 2483 sunt
1947 2432 2275 2484 infelicitatis

282 2512 444 2564 exitu.
520 2515 625 2566 Sed
665 2515 782 2583 quis
820 2515 983 2584 hujus
1021 2516 1245 2568 infinitae
1287 2516 1663 2568 misericordiae
1701 2517 1842 2581 finis,
1887 2518 2010 2586 quia
2047 2536 2274 2586 quorum

281 2598 490 2649 vincula
506 2599 764 2667 disrumpi
780 2600 1029 2667 promisit
1054 2601 1342 2665 Dominus,
1370 2603 1624 2653 effrontes
1650 2610 1705 2653 et
1731 2603 1974 2653 effrenati
2000 2603 2274 2654 daemones

282 2688 457 2732 totum
503 2682 604 2734 sibi
630 2684 774 2750 quod
799 2684 1117 2748 honestatis,
1143 2685 1288 2752 quod
1331 2684 1480 2748 boni,
1526 2685 1669 2752 quod
1712 2686 1835 2745 Dei,
1874 2703 1972 2753 per
2015 2704 2140 2736 suos
2182 2705 2276 2754 ap-

281 2766 688 2834 propriaverunt
712 2768 798 2819 vel
816 2768 1129 2820 deleverunt
1148 2789 1163 2832 3
1204 2769 1348 2836 quod
1366 2769 1693 2837 ignominiae,
1714 2770 1859 2838 quod
1876 2768 2109 2834 malitiae,
2131 2772 2276 2839 quod

284 2868 440 2900 suum
465 2850 787 2914 extulerunt,
814 2858 868 2901 et
904 2850 960 2900 in
988 2869 1197 2902 summa
1221 2851 1296 2902 ibi
1321 2870 1453 2920 pace
1480 2853 1826 2906 stabifissimo
1854 2862 2148 2906 sanxerunt
2178 2854 2275 2907 ob-

281 2941 452 2996 tentu,
477 2935 551 2986 sic
568 2943 747 2986 autem
764 2942 826 2985 ut
836 2935 949 3003 jam
966 2935 1060 2986 fiat
1074 2935 1324 2987 voluntas
1352 2955 1537 2988 eorum
1559 2938 1698 2990 sicut
1721 2938 1778 2990 in
1803 2939 2013 2991 inferno
2042 2940 2117 2991 sic
2144 2947 2198 2992 et
2215 2940 2273 2992 in

283 3023 434 3068 terra.
472 3018 729 3087 Castigati
746 3027 874 3070 sunt
887 3019 964 3070 illi
980 3038 1090 3071 non
1109 3019 1430 3084 mortificati,
1451 3022 1545 3072 sed
1563 3021 1654 3073 isti
1673 3023 2099 3076 mortificatinon
2116 3025 2274 3076 casti-

284 3102 407 3167 gati.
468 3103 611 3155 Moti
628 3112 754 3156 sunt
771 3105 897 3157 hinc
916 3105 1209 3157 multorum
1228 3105 1410 3175 pedes,
1427 3113 1481 3158 et
1496 3107 1651 3159 effusi
1666 3125 1880 3177 gressus
1900 3109 2271 3178 plurimorum,

285 3201 395 3235 non
420 3188 806 3240 attendentium
832 3190 975 3259 quod
1000 3209 1110 3243 non
1136 3198 1219 3243 est
1242 3191 1330 3244 hic
1355 3199 1539 3245 nostra
1564 3193 1882 3247 Jerusalem.
1956 3195 2074 3247 Nos
2092 3201 2270 3246 autem
