2638 3860
325 321 429 374 cap.
450 321 569 380 xxm]
958 321 1037 357 DE
1078 321 1263 357 NUG1s
1304 320 1682 359 cURIALIUM.
2241 305 2314 366 47

300 449 418 500 est?
460 447 518 500 Si
544 446 820 500 caritatem
839 446 1065 512 habent,
1089 448 1236 501 unde
1262 448 1444 503 minus
1470 467 1588 502 eam
1614 446 1980 518 hospitantur,
2006 445 2099 517 qui
2118 446 2316 516 spolia-

298 540 411 585 tam
449 533 742 586 virtutibus
785 532 896 584 suis
939 551 1057 585 eam
1087 534 1461 587 introducunt.
1536 534 1595 586 Si
1639 534 1917 586 caritatem
1941 552 2055 586 non
2090 532 2316 599 habent,

297 626 361 671 ut
402 619 632 685 videtur,
692 627 747 671 et
787 627 994 672 avertat
1031 620 1184 673 Deus
1225 638 1294 672 ne
1337 620 1424 686 sit,
1476 620 1654 673 radice
1694 621 1960 673 virtutum
2010 627 2211 685 carent,
2261 627 2316 671 et

300 713 544 758 arescent
606 705 914 758 ramusculi.
980 705 1039 758 Si
1094 723 1224 759 vero
1278 706 1483 759 habent
1530 715 1594 758 ut
1650 706 1903 759 videlicet
1954 705 2070 758 sine
2127 705 2315 775 benig-

298 792 469 844 nitate
514 791 626 844 sive
684 792 945 861 patientia
983 791 1270 861 praecipuis
1315 792 1412 843 alis
1468 792 1580 844 suis
1640 800 1925 862 penetrare
1989 792 2153 845 coelos
2201 810 2315 844 non

298 877 500 947 poterit
547 877 766 947 proprio
818 877 1051 947 depilata
1100 877 1308 939 decore,
1362 878 1616 948 quodque
1666 877 1903 930 alienum
1949 878 2142 931 indicit
2189 896 2316 930 cum

301 964 561 1016 dedecore
616 963 821 1028 reddet,
865 970 929 1014 ut
985 962 1293 1015 revelentur
1348 964 1465 1031 ejus
1520 964 1793 1032 pudenda.
1868 963 2095 1029 Dicunt,
2138 967 2175 994 ‘⁶
2199 964 2317 1015 Do-

301 1049 436 1100 mini
479 1056 564 1102 est
604 1057 763 1113 terra,
806 1066 908 1100 nos
959 1047 1060 1100 soli
1108 1047 1207 1099 filii
1251 1047 1553 1113 altissimi,*
1597 1056 1653 1101 et
1694 1057 1892 1118 praeter
1926 1068 2029 1102 nos
2078 1068 2191 1103 non
2230 1057 2317 1102 est

301 1135 393 1203 qui
436 1135 632 1204 dignus
678 1134 749 1186 sit
774 1151 893 1186 eam
935 1132 1215 1202 possidere
1233 1133 1285 1198 ;''
1322 1151 1436 1186 non
1463 1133 1668 1199 dicunt,
1703 1139 1738 1165 ‘⁶
1764 1135 2020 1201 Domine,
2045 1155 2156 1189 non
2194 1155 2311 1188 sum

303 1219 497 1288 dignus
524 1218 703 1271 vocari
745 1218 888 1270 filius
932 1223 1117 1282 tuuS,†
1141 1236 1254 1271 non
1293 1237 1416 1270 sum
1454 1219 1649 1289 dignus
1686 1228 1751 1273 ut
1785 1220 1955 1274 intres
1983 1222 2084 1275 sub
2110 1230 2317 1275 tectum

302 1323 482 1358 meum
501 1305 552 1369 ;''
609 1323 723 1357 non
767 1304 971 1366 dicunt,
1024 1306 1060 1333 “
1086 1301 1218 1356 Non
1271 1321 1394 1356 sum
1447 1304 1641 1374 dignus
1702 1307 2064 1376 procumbens
2110 1307 2316 1360 solvere

302 1410 345 1442 c.
376 1391 510 1456 c.;''‡
551 1408 664 1442 non
690 1390 878 1441 dicunt
903 1389 1049 1459 quod
1076 1389 1224 1459 digni
1247 1389 1422 1442 habiti
1449 1398 1580 1442 sunt
1602 1410 1702 1460 pro
1740 1393 1961 1446 nomine
1987 1393 2024 1445 J
2027 1394 2164 1446 hesu
2188 1411 2319 1445 con-

302 1477 581 1528 tumeliam
607 1476 772 1545 pati,§
803 1476 898 1527 sed
924 1475 1106 1527 omnia
1130 1475 1425 1544 possidere.
1501 1476 1630 1528 Non
1659 1477 1849 1530 dicunt
1879 1479 2024 1547 quod
2063 1479 2174 1530 sint
2198 1478 2317 1547 qui-

302 1562 405 1613 bus
433 1562 626 1631 dignus
654 1579 760 1612 non
791 1568 876 1612 est
912 1561 1170 1624 mundUS,
1198 1561 1292 1612 sed
1319 1560 1411 1630 qui
1437 1560 1584 1630 digni
1610 1571 1739 1615 sunt
1772 1564 1994 1616 mundo.
2071 1564 2129 1616 Si
2171 1563 2318 1633 paci-

303 1647 392 1700 fici
419 1655 565 1712 sunt,
590 1646 686 1698 filii
711 1646 818 1698 Dei
846 1654 974 1698 sunt
989 1667 1004 1711 3
1044 1647 1318 1716 quomodo
1344 1647 1590 1716 pacifici?
1634 1666 1747 1700 non
1772 1649 1930 1701 video
1957 1649 2103 1719 quod
2127 1668 2235 1718 pax
2258 1650 2317 1702 in

302 1733 489 1801 rapina
531 1739 634 1785 est.
711 1732 771 1784 Si
812 1731 910 1782 filii
948 1733 1054 1784 Dei
1094 1739 1242 1796 sunt,
1287 1739 1343 1784 et
1367 1732 1465 1784 filii
1510 1741 1640 1785 sunt
1676 1751 1801 1804 ergo
1844 1734 1936 1800 dii,
1981 1738 2018 1764 ‘⁶
2047 1734 2190 1789 Quia
2215 1753 2315 1804 ego

307 1818 434 1883 dixi,
472 1818 546 1869 dii
584 1817 735 1882 estiS,
774 1825 830 1870 et
867 1817 964 1869 filii
1002 1818 1203 1870 excelsi
1234 1819 1509 1885 omneS.''{1
1593 1818 1755 1871 Certe
1784 1819 2215 1871 Christianorum
2243 1820 2318 1872 dii

305 1922 418 1956 non
446 1911 574 1955 sunt
600 1922 736 1972 quos
762 1903 1041 1967 infestant,
1069 1904 1164 1955 sed
1189 1903 1474 1972 gentilium
1501 1903 1593 1973 qui
1617 1922 1719 1956 nos
1747 1904 1848 1956 soli
1886 1922 2009 1956 cum
2034 1904 2112 1955 illi
2134 1922 2317 1973 perse-

306 1997 521 2054 cuntur,
558 1996 849 2058 postquam
879 1988 916 2041 J
920 1988 1061 2040 udaei
1086 2007 1183 2059 per
1207 1989 1587 2059 impotentiam
1622 1998 1987 2042 cessaverunt.
2087 1990 2319 2043 Discant

306 2095 431 2145 ergo
453 2094 482 2126 a
501 2075 766 2144 propheta
791 2073 921 2144 quid
943 2074 1069 2139 sint,
1091 2075 1181 2144 qui
1210 2075 1348 2140 aiffll
1374 2078 1411 2104 ‘⁶
1428 2074 1638 2128 Omnes
1665 2075 1740 2127 dii
1763 2075 2006 2144 gentium
2034 2075 2318 2140 daemonia,

307 2161 580 2214 Dominus
607 2168 787 2212 autem
833 2160 996 2212 coelos
1041 2160 1238 2224 fecit;''
1276 2161 1335 2212 in
1359 2160 1515 2212 illum
1541 2160 1812 2212 credimus
1845 2160 1938 2230 qui
1963 2160 2128 2213 eoelos
2172 2161 2317 2226 fecit,

308 2246 431 2315 quia
457 2263 567 2296 non
606 2252 690 2297 est
727 2245 859 2297 deus
884 2245 1073 2296 volens
1112 2244 1473 2314 iniquitatem,
1511 2263 1625 2297 non
1663 2253 1748 2297 est
1778 2246 1912 2298 deus
1952 2254 2140 2298 noster
2179 2247 2320 2299 sicut

307 2332 440 2383 deus
476 2348 694 2395 eorum3
734 2337 918 2382 noster
955 2331 1088 2382 deus
1115 2339 1201 2382 est
1226 2332 1379 2383 Deus
1405 2330 1700 2395 Abraham,
1742 2331 1895 2383 Deus
1938 2331 2124 2396 Ysaac,
2163 2333 2317 2384 Deus

306 2415 497 2480 Jacob,
533 2422 590 2467 et
626 2433 737 2466 non
781 2421 866 2466 est
909 2415 1042 2467 deus
1082 2434 1298 2476 recens3
1369 2423 1425 2467 at
1467 2433 1657 2467 eorum
1699 2434 1875 2469 novus
1915 2424 2014 2469 est.
2115 2418 2320 2470 Noster

307 2501 453 2565 dicit,
493 2503 528 2530 ‘⁶
556 2500 667 2554 Qui
703 2518 814 2552 non
854 2501 1127 2570 reliquerit
1166 2501 1349 2554 omnia
1386 2507 1610 2571 propter
1653 2518 1759 2565 me,
1801 2520 1914 2554 non
1952 2510 2038 2554 est
2075 2520 2163 2554 me
2205 2504 2320 2574 dig-

306 2605 410 2639 nus
419 2586 474 2652 3³²
501 2586 634 2637 deus
654 2604 840 2638 eorum
864 2586 1010 2651 dicit,
1037 2587 1300 2656 “quinon
1327 2585 1641 2655 adquisierit
1666 2587 1847 2638 omnia
1871 2595 2092 2656 propter
2112 2607 2186 2653 se,
2202 2607 2315 2641 non

307 2679 391 2726 est
411 2690 497 2725 me
518 2671 768 2742 dignUS.''
844 2673 1049 2725 Noster
1075 2672 1223 2738 dicit,
1236 2674 1306 2712 *ss
1333 2675 1369 2701 ‘⁶
1379 2671 1489 2726 Qui
1509 2671 1673 2724 habet
1698 2672 1831 2724 duas
1851 2672 2062 2724 tunicas
2089 2674 2181 2726 det
2204 2693 2316 2727 non

363 2890 388 2914 ’Ψ
418 2890 521 2929 Luc.
541 2890 598 2929 vi.
619 2893 688 2929 35.
1339 2890 1455 2929 ibant
1473 2891 1697 2942 gaudentes
1717 2904 1741 2930 a
1767 2895 1992 2943 conspectu
2011 2892 2187 2940 concilii,
2209 2905 2313 2944 quo-

364 2959 390 3009 †
421 2958 524 2996 Luc.
546 2970 613 2996 xv.
638 2960 703 3004 15,
724 2959 792 2998 21.
1338 2959 1452 2997 niam
1481 2959 1593 3009 digni
1626 2960 1757 2999 habiti
1787 2964 1882 3000 sunt
1914 2972 1990 3012 pro
2020 2961 2188 3001 nomine
2208 2961 2314 3001 Jesu

365 3027 388 3072 1
418 3026 553 3064 Marc.
591 3024 621 3063 i.
653 3027 694 3066 7.
761 3023 889 3063 Venit
920 3023 1066 3063 fortior
1094 3038 1160 3065 me
1189 3029 1285 3076 post
1338 3027 1632 3066 contumeliam
1653 3028 1754 3078 pati.

310 3105 392 3140 me,
430 3092 545 3143 cujus
577 3103 662 3130 non
699 3104 790 3130 sum
826 3091 973 3142 dignus
1012 3092 1282 3143 procumbens
1397 3096 1414 3140 ΙΙ
1447 3094 1554 3133 Psal.
1576 3095 1706 3135 lxxxi.
1726 3096 1767 3135 6.

310 3162 467 3201 solvere
486 3159 700 3210 corrigiam
720 3160 1086 3199 calceamentorum
1105 3160 1208 3210 ejus.
1390 3163 1420 3209 Ἦ
1451 3161 1558 3200 Psal.
1578 3174 1668 3201 xcv.
1691 3165 1732 3201 5.

369 3232 390 3275 ξ
419 3230 517 3270 Act.
551 3228 700 3281 Apost.
733 3241 776 3268 v.
810 3231 879 3268 41.
938 3228 996 3268 Et
1024 3228 1085 3268 illi
1116 3228 1282 3281 quidem
1395 3227 1448 3256 **
1478 3228 1583 3269 Luc.
1603 3229 1662 3269 iii.
1687 3232 1748 3271 11.
