2638 3860
340 387 442 432 222
906 374 909 376 ’
1055 392 1366 427 GUALTERI
1408 391 1608 425 MAPEs
2021 392 2217 441 [Distinc.
2240 390 2292 429 V.

340 545 550 588 mortuo
577 534 675 586 feci
703 535 885 602 dignas
913 532 1180 600 exequias,
1208 539 1261 582 et
1289 531 1332 581 si
1359 530 1566 599 placeat
1610 530 1725 598 ejus
1771 529 2114 597 sepulchrum
2150 529 2330 582 videa-

340 624 513 674 mus.''
589 620 886 687 Obstupuit
921 636 1118 681 comeS,
1160 626 1214 668 et
1249 617 1395 668 siluit
1433 635 1462 667 a
1499 615 1647 678 visis,
1687 613 2008 682 visitatoque
2046 616 2330 684 sepulchro

340 708 476 758 redit
523 707 588 756 ad
632 705 920 772 tugurium,
965 712 1019 755 et
1067 703 1201 754 nihil
1251 711 1445 772 praeter
1489 702 1710 753 domum
1764 719 1987 752 vacuam
2031 701 2329 763 inveniens,

340 790 549 858 gavisus
594 796 676 839 est
726 807 781 840 se
820 787 1018 839 vidisse
1059 787 1353 838 Christum.
1433 787 1556 837 Hoc
1602 792 1788 836 nostro
1830 784 1939 853 regi
1982 784 2165 835 retulit
2208 791 2335 852 post

342 883 567 926 mortem
593 874 754 942 hujus
781 872 1076 924 Theobaldi
1097 890 1190 923 rex
1211 872 1519 923 Lodovicus
1545 870 1717 940 grossi
1742 870 1882 922 filius
1910 870 2188 922 Lodovici.

679 1088 761 1139 De
786 1094 948 1139 morte
980 1088 1241 1139 Willielmz·
1267 1089 1388 1156 Rufi
1414 1088 1552 1153 reyis
1577 1087 1877 1152 Anylorum.
1928 1085 2000 1136 vi.

414 1215 733 1266 Willielmus
785 1215 1051 1266 secundus
1096 1233 1188 1266 rex
1242 1214 1468 1283 Angliae,
1522 1232 1706 1282 regum
1751 1213 2038 1282 pessimus,
2076 1213 2338 1265 Anselmo

342 1303 497 1372 pulso
537 1321 566 1352 a
605 1302 729 1353 sede
757 1301 981 1365 Cantiae,
1015 1302 1165 1370 justo
1205 1301 1309 1351 Dei
1349 1300 1550 1370 judicio
1590 1319 1620 1350 a
1659 1300 1850 1368 sagitta
1887 1299 2101 1351 volante
2128 1300 2338 1368 pulsus,

345 1389 466 1458 quia
492 1388 756 1440 daemonio
786 1388 1075 1439 meridiano
1113 1388 1344 1450 deditus,
1384 1387 1536 1455 cujus
1582 1386 1649 1436 ad
1687 1394 1881 1436 nutum
1917 1385 2139 1449 vixerat,
2180 1404 2340 1437 onere

344 1476 578 1544 pessimo
616 1475 815 1526 levavit
853 1475 1051 1527 orbem.
1129 1474 1445 1526 Notandum
1484 1481 1663 1524 autem
1709 1473 1853 1541 quod
1890 1473 1947 1523 in
1999 1473 2131 1524 silva
2169 1473 2342 1523 Novae

348 1563 600 1624 Forestae,
628 1580 784 1630 quam
824 1562 940 1630 ipse
967 1562 1086 1612 Deo
1129 1568 1182 1612 et
1226 1559 1538 1611 hominibus
1582 1558 1875 1610 abstulerat
1911 1567 1975 1609 ut
2000 1577 2114 1609 eam
2144 1559 2344 1609 dicaret

345 1648 468 1699 feris
495 1655 549 1699 et
574 1667 766 1699 canum
792 1648 1016 1712 lusibus,
1043 1666 1073 1698 a
1099 1666 1202 1716 qua
1238 1646 1455 1715 triginta
1482 1664 1576 1698 sex
1617 1645 1863 1696 matrices
1899 1645 2147 1696 ecclesias
2183 1645 2344 1696 extir-

346 1741 579 1802 paverat,
626 1741 680 1784 et
728 1733 991 1801 populum
1047 1750 1228 1783 earum
1281 1731 1499 1782 dederat
1561 1731 1894 1783 exterminio.
1990 1731 2343 1783 Consiliarius

349 1826 527 1868 autem
572 1817 733 1884 hujus
777 1817 993 1884 ineptiae
1019 1816 1291 1867 VValterus
1318 1815 1514 1884 Tyrell,
1556 1816 1708 1866 miles
1746 1816 1966 1867 Achaza
2003 1816 2161 1884 juxta
2203 1816 2344 1866 Pon-

349 1903 591 1953 tissaram
620 1902 874 1965 Franciae,
902 1902 994 1970 qui
1020 1920 1129 1952 non
1166 1909 1358 1969 sponte
1399 1919 1494 1951 sua
1540 1901 1633 1951 sed
1661 1901 1886 1951 Domini
1913 1901 1978 1951 de
2005 1901 2183 1951 medio
2223 1900 2349 1951 fecit

351 1988 617 2051 eum—ictu
661 1988 883 2055 sagittae,
926 2005 1043 2055 quae
1084 1987 1250 2036 feram
1289 1994 1574 2054 penetrans
1618 1986 1809 2037 cecidit
1850 1986 1907 2037 in
1952 1986 2182 2037 belluam
2229 1987 2348 2038 Deo

354 2073 622 2124 odibilem.
698 2073 801 2123 Die
840 2091 943 2140 qua
982 2072 1262 2140 sagittatus
1306 2072 1424 2135 fuit,
1473 2090 1645 2134 mane,
1685 2072 1956 2123 somnium
1998 2090 2156 2122 suum
2196 2071 2349 2123 Gun-

353 2158 499 2209 dulfo
527 2158 767 2209 Roffensi
794 2158 1046 2226 episcopo
1073 2158 1325 2209 retulerat
1349 2158 1452 2208 hoc
1479 2157 1694 2208 modo.>¹<
1737 2158 1854 2208 “In
1880 2158 2079 2208 foresta
2106 2157 2353 2225 pulcher-

352 2243 504 2293 rima
534 2251 658 2310 post
701 2242 914 2309 longam
959 2243 1189 2293 ferarum
1244 2242 1654 2309 exagitationem
1698 2242 1955 2310 capellam
1999 2241 2349 2310 praenobilem

354 2328 639 2395 ingressus,
667 2328 939 2378 hominem
966 2327 1019 2377 in
1048 2345 1108 2377 ea
1134 2327 1242 2378 vidi
1269 2327 1475 2378 nudum
1504 2346 1664 2396 super
1691 2328 1853 2378 altare
1881 2329 2168 2395 jacentem,
2197 2326 2350 2395 cujus

353 2413 533 2464 vultus
569 2421 622 2464 et
662 2431 782 2464 caro
817 2421 931 2464 tota
974 2421 1082 2463 tam
1127 2413 1453 2464 delectabilis
1499 2422 1611 2464 erat
1652 2414 1893 2482 aspectui
1929 2414 2069 2483 quod
2110 2432 2206 2482 pro
2234 2413 2354 2465 cibo

354 2506 589 2567 potuque
629 2507 813 2566 posset
854 2499 970 2550 orbi
1017 2500 1257 2550 sufficere
1298 2508 1575 2567 perpetuo.
1672 2500 1874 2551 Manus
1919 2500 2083 2568 igitur
2123 2499 2354 2551 dexterae

358 2602 466 2634 suae
508 2584 732 2651 digitum
758 2584 1051 2651 longiorem
1078 2585 1304 2647 comedi,
1338 2585 1482 2652 quod
1516 2584 1631 2652 ipse
1657 2585 1916 2653 patientia
1943 2603 2152 2634 summa
2178 2583 2357 2634 Vultu-

358 2688 459 2737 que
499 2688 683 2721 sereno
723 2689 911 2738 passus
951 2678 1065 2735 est3
1105 2671 1248 2722 unde
1289 2670 1470 2720 statim
1511 2670 1578 2721 ad
1618 2672 1756 2722 feras
1796 2670 2007 2721 rediens
2045 2670 2101 2720 in
2142 2669 2353 2720 modico

358 2773 598 2806 reversus
618 2774 736 2805 sum
755 2756 992 2806 esuriens
1017 2776 1030 2819 3
1059 2774 1277 2806 manum
1295 2755 1439 2805 illam
1467 2774 1496 2805 a
1524 2774 1627 2823 qua
1654 2755 1879 2822 digitum
1908 2755 2132 2805 tuleram
2160 2773 2350 2823 appre-

360 2839 545 2903 hendi3
572 2849 626 2890 at
645 2840 731 2890 ille
751 2839 898 2907 prius
918 2858 1076 2908 super
1094 2840 1309 2908 angelos
1328 2840 1498 2890 forma
1516 2840 1791 2908 speciosus
1810 2840 1877 2890 ad
1895 2858 1951 2891 se
1969 2858 2188 2889 manum
2211 2839 2357 2890 illam

362 2934 470 2976 tam
490 2925 665 2976 subito
684 2926 876 2994 rapuit,
896 2933 950 2976 et
967 2944 1050 2977 me
1071 2934 1181 2976 tam
1202 2925 1333 2975 irate
1355 2925 1616 2993 despexit,
1637 2924 1874 2993 angelico
1897 2925 2051 2975 vultu
2079 2933 2286 2975 mutato
2303 2924 2360 2974 in

364 3019 472 3061 tam
492 3010 876 3061 intolerabilem
891 3010 1247 3073 horrorem,in
1265 3017 1371 3060 tam
1402 3008 1670 3061 ineffabile
1699 3008 1997 3072 dissidium,
2010 3010 2155 3077 quod
2173 3008 2362 3060 afaciei

366 3096 483 3145 talis
511 3096 800 3163 rugositate
845 3106 1032 3164 posset
1069 3115 1178 3147 non
1225 3096 1384 3146 unius
1425 3095 1661 3146 hominis
1708 3095 1803 3146 sed
1841 3095 2008 3146 totius
2036 3095 2181 3146 orbis
2209 3094 2361 3146 ruina

368 3179 513 3243 fieri3
553 3181 787 3249 dixitque
832 3181 980 3245 mihi,
1031 3185 1178 3232 ‘non
1226 3199 1310 3231 me
1362 3180 1609 3232 comedes
1669 3181 1954 3232 amod0.'”
2031 3181 2192 3232 Flens
2237 3199 2361 3249 ergo

375 3264 679 3316 Gundulfus
728 3267 926 3330 intulit,
976 3271 1011 3296 “
1039 3268 1260 3318 Foresta
1322 3275 1405 3319 est
1471 3285 1695 3335 regnum
1745 3267 1991 3336 Anglioe3
2053 3270 2179 3319 ferae
2237 3275 2365 3317 sunt

424 3387 449 3413 *
479 3390 704 3440 According
723 3397 765 3428 to
784 3391 963 3429 William
992 3392 1038 3430 of
1063 3393 1334 3445 Malmsbury,
1355 3394 1389 3433 it
1407 3407 1485 3432 was
1502 3406 1525 3432 a
1545 3393 1702 3444 foreign
1717 3394 1841 3433 monk
1861 3394 1952 3432 who
1985 3394 2064 3433 had
2100 3393 2182 3433 this
2213 3394 2363 3442 dream,

369 3460 447 3494 and
468 3456 553 3494 told
570 3456 604 3494 it
622 3461 663 3495 to
684 3457 837 3496 Robert
854 3460 923 3496 fitz
947 3459 1124 3499 Hamon.
