2638 3860
305 369 372 416 86
1019 375 1330 412 GUALTERI
1370 373 1571 410 MAPEs
1950 373 2148 424 [Distinc.
2174 370 2233 411 ΙΙ.

304 506 464 558 etiam
489 503 675 574 majori
699 502 909 555 videtur
933 501 1162 553 valuisse
1187 499 1402 552 virtutis
1429 507 1485 551 et
1507 497 1721 551 virium.
1799 498 1906 551 Hic
1929 498 2084 551 bellis
2112 513 2293 549 excer-

305 589 665 650 citatissimuS‚
691 588 928 656 piscibus
952 594 1007 638 et
1032 586 1220 638 avibus
1248 593 1302 637 et
1341 584 1466 636 feris
1494 584 1766 653 capiendis
1808 583 2292 654 frequentissimUS‚

302 675 447 745 pacis
487 682 541 726 et
583 691 761 726 werrae
803 680 1043 741 tempore
1084 679 1195 723 tam
1235 671 1521 740 praeclarus
1560 669 1771 733 enituit,
1796 676 1860 720 ut
1884 669 2020 720 nihil
2049 669 2293 738 ignorare

302 759 692 830 praedicaretur,
737 765 791 809 et
838 776 961 809 cum
1010 757 1186 826 gladio
1231 756 1463 808 dexterae
1507 773 1617 807 suae
1655 755 1746 808 vix
1790 761 1978 824 posset
2022 771 2293 806 armorum

300 845 458 896 turba
495 842 758 895 resistere.
834 843 985 894 Pacis
1028 850 1140 895 erat
1165 849 1372 894 amator
1398 849 1453 893 et
1478 848 1710 892 assertor
1736 840 1984 904 eximius,
2010 846 2293 906 totumque

300 929 561 983 mundum
581 927 840 980 circuiens
867 929 1102 980 famosos
1127 927 1326 997 ubique
1345 926 1590 978 interfuit
1609 943 1947 995 congresstw,
1970 942 2129 977 causa
2155 941 2295 975 sem-

299 1032 395 1085 per
418 1014 667 1084 utrinque
684 1014 896 1083 cognita
917 1014 1167 1083 quatinus
1193 1013 1345 1066 fieret
1368 1013 1578 1082 injuriae
1600 1013 1882 1082 depressor
1899 1018 1954 1064 et
1970 1011 2169 1063 athleta
2178 1009 2296 1078 jus-

300 1100 449 1165 titiae,
476 1107 530 1152 et
554 1099 678 1169 quia
701 1118 977 1169 nunquam
1004 1100 1069 1152 ab
1090 1100 1305 1169 incepto
1331 1099 1538 1151 resiluit
1564 1117 1664 1151 nec
1683 1098 1891 1150 actibus
1908 1097 2108 1149 recusis
2127 1103 2296 1148 retro-

301 1186 461 1240 cessit
499 1205 530 1237 a
553 1193 701 1238 vot0.
777 1186 1014 1238 Omnem
1059 1185 1202 1238 enim
1234 1185 1431 1237 habere
1464 1185 1778 1253 sapientiam
1815 1183 2045 1247 aiebant,
2084 1182 2294 1250 linguas

300 1271 659 1341 quorumlibet
697 1271 1015 1341 loquebatur
1053 1288 1357 1340 regnorum,
1398 1277 1453 1322 et
1494 1269 1759 1338 frequenti
1793 1268 2045 1320 felicitate
2087 1283 2295 1318 succes-

303 1376 461 1410 suum
487 1358 654 1409 totius
679 1357 805 1410 vitae
830 1357 1112 1410 videbatur
1138 1355 1499 1409 obedientiam
1525 1355 1783 1419 obtinere,
1810 1362 2065 1423 tanquam
2087 1349 2296 1422 optioni

303 1462 412 1495 suae
455 1451 702 1512 parerent
727 1443 1018 1495 animantia
1058 1442 1300 1495 omnium
1340 1441 1679 1493 motabilium
1719 1448 1775 1492 et
1813 1439 2076 1491 haberent
2099 1435 2295 1489 intelli-

299 1529 548 1598 gentiam.
627 1529 734 1582 Hic
759 1530 988 1580 insulam
1004 1535 1262 1590 nostram,
1279 1527 1333 1578 id
1355 1535 1439 1578 est
1457 1526 1724 1595 Angliam‚
1748 1525 2040 1594 ingressus,
2063 1524 2293 1576 Offam*

299 1614 434 1666 vidit
458 1632 636 1683 regem
664 1614 1113 1678 strenuissimum,
1139 1613 1280 1664 inter
1305 1611 1591 1681 pueritiam
1633 1618 1688 1662 et
1724 1611 2067 1680 juventutem
2102 1609 2295 1678 jocun-
2350 1596 2354 1600 ⁵

303 1699 582 1751 dissimum
620 1706 834 1767 tempus
873 1706 1138 1767 agentem,
1167 1697 1212 1748 si
1238 1699 1357 1766 quis
1384 1714 1670 1766 agnoscere
1705 1704 1907 1765 posset,
1934 1703 1988 1747 at
2013 1702 2197 1747 nostra
2222 1693 2299 1745 sic

301 1793 414 1837 tota
452 1784 758 1854 praelabitur
797 1792 925 1837 aetas
967 1791 1028 1835 ut
1067 1802 1177 1835 non
1217 1784 1461 1835 videatur
1504 1783 1636 1834 dum
1662 1782 1815 1834 adest
1839 1782 2082 1845 felicitaS‚
2110 1780 2203 1832 sed
2229 1778 2298 1830 ad

300 1871 624 1940 praeteritam
651 1870 955 1939 aperiantur
981 1870 1137 1922 oculi.
1215 1870 1332 1921 Rex
1355 1869 1444 1921 hic
1468 1869 1752 1920 Walenses
1779 1868 1835 1919 in
1874 1867 2146 1919 modicum
2186 1882 2298 1916 suae

303 1957 512 2008 Walliae
553 1957 805 2026 angulum
846 1965 900 2008 et
940 1975 1057 2025 quae
1099 1957 1165 2007 de
1205 1955 1424 2007 nomine
1463 1954 1602 2023 regis
1635 1953 1877 2023 ejusdem
1905 1953 2099 2005 dicitur
2123 1951 2298 2003 adhuc

305 2043 449 2093 fossa
505 2042 756 2106 cinxerat,
801 2042 953 2111 cujus
1011 2060 1282 2111 egressum
1321 2042 1406 2094 vel
1444 2059 1723 2094 excessum
1779 2041 1916 2109 pede
1970 2039 2193 2091 luebant
2244 2044 2300 2088 et

303 2126 556 2196 lugebant
581 2127 831 2189 amisso.†
908 2127 1015 2179 Hic
1055 2145 1275 2196 regnum
1321 2145 1478 2178 suum
1519 2126 1587 2177 ad
1629 2143 1900 2177 summum
1929 2122 2298 2193 prosperitatis

303 2213 637 2282 perduxerat,
678 2215 847 2266 multo
894 2214 1072 2266 studio
1114 2214 1390 2282 multoque
1427 2212 1611 2264 labore
1653 2211 1876 2281 gradivi,
1918 2216 2298 2279 acceperatque

293 2298 405 2354 sibi
422 2299 701 2367 conjugem
719 2299 880 2350 filiam
897 2299 1231 2368 imperatoris
1250 2300 1635 2351 Romanorum.
1672 2298 1852 2350 Multa
1867 2297 2007 2349 inter
2024 2298 2300 2348 Romanos

305 2393 358 2437 et
373 2385 576 2454 Anglos
598 2385 898 2438 audivimus
919 2387 984 2438 ad
1002 2395 1352 2456 utrorumque
1368 2386 1612 2439 lacrimas
1632 2387 1770 2438 facta
1787 2384 2051 2454 conjugia,
2071 2402 2300 2453 quorum

302 2472 404 2523 hoc
428 2490 613 2523 unum.
689 2472 963 2525 Venerant
990 2474 1221 2525 Romani
1247 2474 1553 2542 frequenter
1579 2473 1646 2524 ad
1674 2472 1856 2525 Offam
1883 2471 1949 2523 ab
1976 2471 2298 2539 imperatore

303 2557 471 2621 missi,
516 2557 773 2627 ditatique
814 2558 880 2610 ab
930 2559 1050 2628 ipso
1101 2566 1432 2611 recesserant
1481 2578 1603 2611 cum
1645 2558 1817 2610 multa
1855 2557 2013 2608 laude
2062 2555 2201 2624 regis
2244 2563 2300 2608 et

304 2643 468 2711 regni,
507 2662 640 2712 quos
666 2652 728 2695 ut
755 2645 928 2696 Roma
952 2645 1088 2696 vidit
1111 2645 1355 2696 vestibus
1382 2652 1437 2696 et
1480 2662 1608 2696 auro
1634 2643 1859 2708 lucidOS,
1896 2642 2080 2693 innata
2118 2640 2300 2691 statim

290 2728 498 2780 vexarsit
540 2729 774 2781 avaritia.
850 2731 967 2782 Nec
1010 2730 1238 2781 mirum:
1295 2731 1399 2782 hoc
1439 2729 1583 2781 enim
1623 2746 1821 2780 nomen
1859 2729 2032 2779 Roma
2072 2745 2138 2778 ex
2179 2745 2301 2778 ava-

365 2871 389 2895 *
419 2871 511 2909 Offa
530 2871 694 2921 reigned
715 2884 811 2910 over
826 2872 981 2910 Mercia
1002 2872 1107 2910 from
1128 2874 1206 2914 758
1229 2877 1271 2910 to
1328 2873 1403 2910 law
1423 2871 1585 2910 alluded
1604 2875 1662 2919 to,
1695 2871 1763 2910 the
1790 2874 2088 2921 transgressors
2109 2869 2155 2908 of
2170 2868 2302 2909 which

313 2939 404 2981 796.
463 2939 529 2977 He
549 2951 628 2977 was
649 2952 702 2978 on
721 2943 846 2978 terms
867 2940 914 2978 of
935 2939 1158 2990 friendship
1178 2939 1275 2977 with
1330 2952 1432 2978 were
1452 2944 1494 2978 to
1512 2940 1599 2977 lose
1618 2939 1689 2977 the
1709 2939 1819 2989 right
1846 2938 1970 2984 hand,
2002 2942 2075 2976 not
2105 2937 2174 2975 the
2195 2937 2299 2975 foot.

318 3006 620 3056 Charlemagne.
1333 3007 1530 3057 “Legem
1557 3008 1713 3054 statuit,
1745 3010 1790 3045 ut
1819 3007 2053 3058 quicunque
2082 3006 2301 3044 Britonum

359 3075 389 3117 ἦ·
418 3072 546 3111 Offa’s
576 3074 696 3124 Dyke
731 3074 812 3112 still
841 3073 981 3120 exists‚
1022 3086 1100 3112 one
1129 3074 1175 3112 of
1204 3074 1274 3112 the
1329 3076 1474 3114 exinde
1487 3075 1587 3115 citra
1599 3076 1820 3114 terminum
1834 3089 1954 3127 quem
1969 3076 2027 3114 eis
2039 3074 2301 3126 praescripsit,

312 3144 417 3178 most
435 3141 683 3179 remarkable
705 3142 953 3180 earthworks
973 3142 1016 3179 in
1036 3143 1105 3180 the
1126 3142 1274 3189 island,
1329 3144 1482 3183 fossam
1504 3145 1661 3182 scilicet
1683 3144 1802 3190 Offae,
1825 3157 1918 3182 cum
1940 3144 2021 3182 telo
2035 3143 2298 3188 inveniretur,

313 3207 532 3256 stretching
550 3208 654 3246 from
674 3209 742 3247 the
764 3210 850 3248 Dee
870 3214 912 3248 to
927 3210 996 3248 the
1016 3210 1135 3261 Wye.
1193 3211 1274 3249 Ac·
1331 3212 1369 3250 ei
1389 3212 1438 3250 ab
1459 3213 1697 3252 officialibus
1718 3213 1833 3263 regni
1853 3225 1996 3251 manus
2026 3211 2168 3250 dextra
2196 3221 2299 3260 prae-

314 3273 482 3321 cording
497 3277 538 3311 to
557 3274 666 3312 John
683 3275 728 3313 of
746 3276 965 3327 Salisbury,
981 3277 1183 3328 Polycrat.
1202 3278 1274 3318 lib.
1332 3279 1582 3319 cideretur.’'

314 3339 368 3377 vi.
392 3351 427 3377 c.
446 3339 485 3386 6,
516 3340 548 3377 it
568 3353 646 3379 was
673 3343 755 3380 earl
782 3344 938 3382 Harold
958 3345 1048 3383 who
1069 3346 1185 3384 made
1208 3347 1276 3385 the
