2638 3860
326 298 428 349 Cap.
450 299 548 340 xvii.
562 302 698 353 xviii]
939 302 1018 336 DE
1060 300 1245 337 NUGIs
1286 299 1661 336 CURIALIUM.
2234 288 2304 334 29

296 421 429 476 tifici
455 443 554 478 suo
574 426 851 480 nunciant.
927 426 985 479 Si
1005 445 1115 479 non
1131 426 1248 496 ipse
1270 425 1600 491 subvenerit,
1635 426 1700 478 ad
1730 425 2033 480 Dominum
2053 425 2307 489 clamant,

298 508 390 576 qui
415 528 525 562 non
552 511 887 565 obliviscitur
911 512 1167 564 misereri.
1215 511 1364 564 Laici
1380 512 1671 564 forinsecas
1687 511 1892 564 habent
1912 530 2084 576 euraS‚
2103 511 2307 564 clericis

298 592 525 647 internis
565 615 688 649 cum
728 598 904 650 Maria
944 598 1059 650 sine
1103 597 1464 649 sollicitudine
1497 597 1664 649 seculi
1703 597 2069 649 sedentibus*
2145 597 2308 649 Unde

299 679 476 747 gravis
504 689 620 733 orta
647 682 857 747 seditio,
885 683 1166 735 dominum
1189 682 1392 751 Papam
1418 681 1549 734 adiit
1568 703 1583 746 3
1623 682 1799 734 clerici
1825 682 2160 735 conabantur
2178 682 2310 733 foris

301 772 357 815 et
381 765 529 816 intus
556 767 772 835 praefici,
797 768 918 821 laici
944 776 1146 822 statuta
1172 767 1433 837 Stephani
1460 774 1600 819 stare
1625 767 1899 833 volebant,
1926 775 1983 820 et
2007 768 2182 820 adhuc
2209 765 2310 818 sub

297 848 478 917 judice
504 851 569 902 lis
596 859 696 916 est,
723 852 847 921 quia
872 852 1117 905 nondum
1143 860 1367 907 verrunt
1390 852 1555 906 bursa
1573 853 1895 922 judicium.†

841 1007 927 1059 De
951 1008 1154 1074 oriqine
1187 1006 1561 1073 Templarium.
1625 1005 1774 1058 xviii.

378 1113 543 1167 Miles
569 1115 805 1185 quidam,
832 1134 863 1168 a
887 1134 1026 1186 pago
1055 1117 1384 1187 Burgundiae
1409 1115 1630 1168 nomine
1658 1117 1872 1187 Pagano
1913 1117 2157 1186 Paganus
2196 1116 2315 1187 ipse

307 1199 532 1265 dictus,‡
575 1200 727 1253 venit
769 1201 1072 1254 Jerusalem
1118 1202 1454 1272 peregrinus·
1533 1202 1642 1254 Hic
1686 1201 1872 1253 audito
1913 1202 2059 1270 quod
2105 1202 2173 1253 ad
2213 1202 2316 1254 cis-

304 1290 513 1334 ternam
539 1301 802 1353 equorum
827 1293 978 1337 extra
1001 1286 1305 1339 Jerusalem
1330 1304 1443 1338 non
1468 1286 1627 1355 longe
1664 1284 1857 1338 fierent
1897 1306 1928 1339 a
1974 1287 2202 1357 Paganis
2245 1287 2317 1340 ir-

304 1365 585 1434 ruptiones
609 1366 666 1418 in
694 1365 1033 1421 Christianos
1059 1368 1390 1437 adaquantes
1415 1367 1510 1432 ibi,
1537 1375 1592 1419 et
1616 1385 1714 1437 per
1738 1385 1925 1420 eorum
1952 1367 2174 1419 insidias
2213 1367 2318 1419 fre-

309 1460 536 1520 quenter
556 1452 805 1518 interfici,
825 1455 1078 1507 misertus
1099 1473 1304 1520 eorum,
1324 1455 1547 1523 zeloque
1560 1454 1790 1523 justitiae
1811 1460 2074 1523 quantum
2093 1453 2319 1505 facultas

308 1544 423 1588 erat
447 1555 540 1588 eos
568 1538 851 1592 defendere
878 1548 1103 1592 conatus
1130 1548 1229 1605 est,
1274 1547 1331 1594 et
1371 1540 1680 1608 frequenter
1722 1539 1799 1591 eis
1842 1539 1898 1590 in
1944 1538 2245 1590 subsidium
2289 1556 2321 1589 a
2358 1580 2362 1583 ,

309 1620 547 1673 latibulis
591 1631 750 1692 aptus
777 1623 962 1689 exiliit,
987 1625 1296 1695 multosque
1323 1625 1555 1678 confecit
1580 1643 1647 1677 ex
1686 1624 1957 1677 hostibus,
2034 1623 2172 1677 Quae
2215 1623 2323 1693 ipsi

314 1706 575 1768 dolenteS,
605 1724 728 1759 cum
754 1715 839 1762 tot
863 1727 931 1762 ex
957 1710 1069 1762 suis
1095 1710 1453 1776 excubabant,
1477 1718 1541 1763 ut
1565 1710 1809 1780 ipsorum
1840 1708 2134 1761 assultibus
2160 1725 2322 1761 nemo

312 1798 500 1861 posset
526 1790 757 1844 obviare.
810 1792 1120 1863 Coegerunt
1144 1813 1269 1865 ergo
1296 1796 1470 1850 deseri
1490 1796 1796 1848 cisternam.
1861 1795 2108 1863 Paganus
2124 1800 2324 1857 autem,

312 1895 413 1930 nec
438 1876 664 1946 impiger
688 1894 788 1930 nec
812 1878 955 1931 vinci
979 1880 1167 1944 facilis,
1194 1880 1421 1933 sollicite
1441 1881 1508 1933 de
1528 1880 1771 1932 Domino
1793 1878 2002 1949 sibique
2017 1877 2326 1949 procuravit

315 1963 590 2027 auxilium,
641 1963 864 2015 domum
906 1964 1010 2017 sibi
1049 1984 1300 2035 magnam
1344 1966 1715 2036 appropriavit
1755 1966 1898 2018 intra
1939 1972 2093 2035 septa
2135 1964 2326 2034 templi

315 2048 542 2101 Domini
568 2048 762 2117 quibus
786 2050 968 2117 potuit
992 2051 1170 2103 modis
1196 2071 1227 2103 a
1252 2052 1526 2105 canonicis
1552 2052 1742 2121 templi
1768 2050 2120 2120 regularibuS‚
2143 2050 2327 2119 ibique

314 2134 409 2188 vili
432 2141 582 2186 veste
608 2134 864 2203 tenuique
888 2136 1038 2188 victu
1063 2145 1372 2203 contentus,
1400 2156 1562 2190 omne
1587 2137 1715 2189 fecit
1739 2137 1797 2188 in
1843 2136 2018 2189 socios
2063 2154 2326 2206 equorum

317 2228 373 2273 et
410 2237 681 2271 armorum
722 2220 950 2273 devotus
992 2221 1349 2291 impendium,
1394 2241 1745 2292 quoscunque
1788 2229 1973 2290 potest
2015 2221 2326 2290 peregrinos

316 2305 462 2360 viros
487 2303 709 2355 bellicos
734 2305 1131 2371 praedicatione,
1169 2307 1438 2376 precibuS‚
1466 2317 1521 2361 et
1554 2307 1883 2360 omnimodis
1924 2306 2119 2369 ascitit,
2156 2313 2220 2358 ut
2259 2305 2328 2357 ad

321 2388 640 2458 obsequium
690 2388 765 2439 ibi
810 2390 1052 2442 Domino
1102 2393 1471 2460 praestandum
1533 2400 1797 2462 perpetuo
1857 2391 2026 2442 dediti
2080 2407 2329 2459 perseve-

318 2482 458 2540 rent,
484 2480 579 2526 aut
603 2473 794 2527 saltem
819 2475 887 2527 ad
912 2481 1129 2544 tempus
1153 2484 1404 2529 voveant.
1481 2476 1599 2529 Sibi
1626 2476 1843 2544 suisque
1869 2474 2206 2543 coequitibus
2247 2492 2329 2527 se-

377 2629 402 2653 *
432 2627 501 2666 An
520 2626 696 2666 allusion
714 2630 759 2666 to
780 2627 850 2666 the
868 2627 1053 2668 incident
1068 2628 1114 2667 of
1129 2629 1299 2670 Martha
1354 2630 1496 2671 dation
1517 2631 1565 2670 of
1580 2630 1651 2670 the
1672 2629 1792 2669 order
1814 2628 1861 2668 of
1887 2629 1959 2669 the
1989 2628 2174 2681 Knights
2203 2627 2327 2668 Tem-

324 2697 404 2736 and
423 2695 557 2746 Mary,
579 2694 683 2734 Luc.
704 2708 746 2734 x.
764 2697 915 2734 38—42.
1353 2699 1464 2751 plars
1483 2699 1527 2737 in
1549 2701 1668 2745 1118,
1692 2698 1791 2737 calls
1809 2697 1897 2737 him
1918 2697 2043 2747 Hugo
2063 2697 2113 2735 de
2142 2696 2330 2747 Paganis,

379 2766 410 2810 †
438 2763 507 2802 On
539 2762 609 2801 the
638 2763 746 2814 early
777 2764 960 2815 disputes
1005 2764 1186 2804 between
1229 2765 1301 2804 the
1356 2767 1437 2805 and
1482 2766 1654 2805 another
1699 2765 1923 2816 authority,
1971 2764 2137 2815 printed
2181 2763 2226 2802 in
2258 2763 2330 2803 the

324 2832 474 2884 priests
511 2831 593 2869 and
621 2831 693 2871 the
727 2832 795 2883 lay
823 2832 956 2872 clerks
988 2832 1036 2871 of
1077 2833 1149 2872 the
1182 2832 1302 2872 order
1358 2835 1639 2881 Monasticon‚
1662 2846 1803 2872 names
1821 2833 1908 2871 him
1944 2832 2068 2882 Hugo
2102 2832 2152 2870 de
2183 2831 2330 2872 Paiens

327 2900 374 2940 of
400 2898 671 2943 Grandmonn
697 2910 764 2937 see
794 2898 897 2938 Pei-e
926 2898 1087 2947 Heliot,
1124 2905 1173 2939 ut
1206 2913 1298 2951 sup.
1357 2902 1407 2943 de
1426 2902 1466 2941 le
1485 2902 1646 2946 Troies.
1703 2901 1792 2942 The
1819 2900 2063 2952 particulare
2083 2900 2180 2940 here
2209 2899 2332 2950 given

327 2967 395 3005 He
416 2977 508 3016 says
527 2964 618 3002 that
637 2964 734 3016 they
746 2978 850 3004 were
862 2965 1107 3005 terminated
1117 2967 1172 3019 by
1188 2967 1300 3018 Pope
1357 2971 1606 3021 coneerning
1625 2970 1755 3020 Hugh
1775 2969 1824 3009 de
1844 2969 2002 3020 Payens
2021 2979 2089 3006 are
2107 2971 2182 3007 not
2199 2967 2331 3007 found

328 3035 535 3073 Innocent
554 3031 659 3078 ΙΙΙ.,
691 3032 772 3070 and
802 3032 1006 3072 therefore
1041 3034 1144 3073 after
1179 3035 1297 3076 1198.
1355 3038 1587 3077 elsewhere.
1644 3037 1732 3076 The
1752 3037 2004 3087 Subsequent
2022 3036 2252 3075 reflectione
2287 3034 2336 3074 of

328 3102 417 3142 The
442 3100 545 3149 king
575 3098 622 3137 of
650 3099 842 3149 England
874 3100 956 3139 had
992 3101 1219 3141 interfered
1255 3103 1302 3141 in
1355 3105 1516 3144 Walter
1535 3105 1684 3155 Mapes
1713 3116 1767 3143 on
1799 3105 1869 3143 the
1899 3104 2127 3155 Templars‚
2164 3103 2244 3143 and
2274 3115 2331 3142 on

329 3170 413 3211 this
433 3168 610 3218 dispute.
1357 3172 1467 3211 their
1486 3172 1597 3223 early
1617 3172 1870 3223 degeneracy
1889 3172 1997 3213 from
2015 3173 2126 3213 their
2158 3171 2333 3224 original

383 3237 408 3285 ξε
438 3235 619 3279 Mathew
639 3234 770 3287 Paris,
788 3235 881 3277 who
907 3237 1046 3289 places
1075 3236 1147 3279 the
1179 3236 1301 3280 foun-
1358 3240 1513 3292 purity,
1534 3252 1602 3285 are
1620 3240 1890 3284 remarkable.
