2638 3860
336 317 437 367 Cap.
469 315 547 364 iii.]
975 310 1052 345 DE
1090 309 1272 345 NUG1s
1314 308 1690 345 CURIALIUM.
2219 296 2315 342 125

306 463 436 533 quid
462 469 586 513 ante
613 459 781 512 Lausi
806 459 1010 528 placuit
1052 459 1109 509 in
1152 457 1394 510 moribus
1437 458 1641 522 horret,
1666 463 1846 508 totum
1873 449 1929 507 in
1958 474 2112 507 suam
2150 455 2318 508 inter-

307 556 550 618 pretatur
575 546 844 617 pessimus
871 564 1039 613 augur
1063 545 1333 614 injuriam,
1361 544 1507 614 quod
1541 543 1631 595 ille
1678 542 1899 595 domino
1943 561 2041 594 suo
2088 543 2319 596 devotus

307 634 530 698 assistit,
559 633 704 703 quod
731 632 1107 701 dispensanter
1145 639 1201 683 et
1234 631 1459 700 provide
1500 630 1789 694 ministrat,
1816 629 1961 698 quod
1986 629 2217 682 fideliter
2242 631 2320 683 fa-

309 721 561 784 mulatur,
608 719 753 788 quod
780 718 1003 771 feliciter
1041 725 1351 787 acceptatur
1395 736 1425 768 a
1467 716 1705 781 domin0,
1751 716 1898 786 quod
1942 716 2103 768 etiam
2148 717 2320 787 ipsius

309 815 517 858 amator
544 814 627 858 est
651 823 811 857 verus
847 812 901 856 et
941 803 1300 873 promotionis
1327 803 1558 872 adjutor,
1586 802 1955 871 duplicitatem
1984 803 2130 868 dicit,
2156 803 2322 857 bene-

305 894 520 963 ficiique
546 893 717 944 fidum
744 899 1016 944 auctorem
1036 891 1239 942 fraudis
1260 891 1450 960 arguit.
1526 891 1741 941 Lausus
1762 889 1939 942 eitam
1963 890 2198 943 fictionis
2218 891 2320 944 im-

307 998 515 1032 memor
564 998 724 1049 quam
762 978 1011 1030 factionis
1051 977 1253 1029 inscius
1299 994 1517 1028 omnem
1543 975 1762 1027 exhibet
1803 975 1949 1027 bona
1975 976 2317 1046 simplicitate

309 1067 639 1118 societatem.
717 1065 820 1116 Par
865 1063 1078 1133 utrique
1122 1063 1305 1115 vultus
1350 1070 1406 1114 et
1442 1062 1500 1112 in
1525 1060 1704 1113 verbis
1748 1061 2076 1115 indemnitas
2115 1073 2317 1133 aperta,

308 1152 490 1220 dispar
516 1150 739 1201 affectus
766 1155 822 1200 et
847 1146 1119 1217 oppositio
1147 1147 1392 1199 cordium
1421 1154 1623 1215 operta.
1698 1147 1896 1216 AEquis
1922 1148 2130 1216 placere
2152 1159 2319 1203 certa-

306 1238 440 1289 bant
466 1234 746 1304 obsequiis-
764 1251 915 1286 amor
940 1242 993 1286 et
1018 1233 1173 1298 livor,
1201 1240 1256 1284 et
1281 1241 1392 1284 tam
1418 1232 1556 1284 bene
1585 1232 1794 1285 caritati
1835 1242 1890 1285 et
1922 1234 2039 1287 haec
2079 1236 2316 1288 adulatio

313 1322 600 1385 simillima,
623 1321 768 1390 quod
790 1337 1043 1389 expresse
1070 1337 1232 1371 nemo
1250 1319 1735 1389 deprehenditvim
1757 1319 2143 1372 similitudinis.
2198 1322 2320 1374 Hos

308 1417 371 1461 ut
406 1409 604 1460 Nisum
633 1415 688 1458 et
714 1406 1013 1474 Euryalum
1040 1404 1373 1457 mirabantur
1398 1405 1662 1469 homineS‚
1691 1423 1828 1474 quos
1855 1414 1919 1458 ut
1937 1406 2241 1459 Pirithoum
2269 1416 2324 1461 et

309 1496 518 1546 Thesea
536 1492 755 1546 videbat
776 1492 946 1544 Deus.
1014 1491 1051 1544 J
1054 1511 1140 1542 am
1158 1491 1402 1543 flammas
1421 1491 1530 1543 odii
1547 1510 1736 1543 omnes
1758 1511 1889 1561 quas
1909 1493 2221 1545 incenderat
2240 1496 2322 1547 ul-

308 1589 392 1633 tro
409 1599 520 1633 non
542 1579 730 1631 suffert
748 1578 889 1629 ultra
907 1578 1124 1643 Parius3
1158 1579 1271 1648 jam
1298 1597 1328 1629 a
1353 1579 1567 1630 fornace
1587 1578 1846 1630 nutritiva
1861 1579 2125 1632 violenter
2145 1599 2321 1632 erum-

308 1675 466 1736 punt,
493 1674 547 1718 et
571 1666 626 1716 in
655 1672 835 1717 actum
861 1664 1076 1733 prodire
1103 1663 1254 1732 cupit
1279 1664 1540 1733 degenere
1563 1663 1654 1715 diu
1682 1664 1903 1716 decocta
1929 1665 2124 1718 sudore
2150 1667 2321 1718 medi-

307 1753 472 1818 tati03
505 1752 618 1821 jam
646 1750 1014 1803 omnimodam
1041 1749 1212 1801 amico
1254 1750 1442 1801 Parius
1468 1758 1651 1802 mente
1678 1750 1914 1819 concipit
1938 1751 2198 1804 infrunita
2224 1772 2319 1805 ne-

310 1858 444 1904 cem,
472 1846 527 1891 et
568 1857 691 1890 cum
726 1836 775 1889 ei
817 1837 1024 1888 cladem
1051 1854 1269 1888 omnem
1296 1843 1519 1904 exoptet
1543 1836 1680 1888 clam
1709 1837 1919 1888 unicam
1948 1845 2003 1889 et
2030 1839 2321 1891 secretissi-

308 1945 453 1978 mam
480 1925 687 1995 quaerit,
714 1941 783 1975 ne
809 1923 985 1975 noctis
1012 1922 1068 1973 in
1088 1923 1265 1974 lucem
1292 1930 1418 1974 nata
1443 1923 1687 1991 prosiliat
1711 1923 1768 1974 in
1794 1923 2044 1975 notitiam
2063 1925 2320 1994 nequitia.

311 2012 571 2065 Mulieres
592 2010 820 2081 Scythas
849 2009 949 2061 scit
972 2009 1030 2060 in
1058 2009 1280 2078 singulis
1299 2009 1468 2061 oculis
1495 2011 1736 2078 geminas
1763 2009 1960 2063 habere
1987 2012 2237 2081 pupillaS,
2266 2022 2321 2066 et

308 2116 497 2150 necare
539 2116 674 2166 quos
714 2097 863 2148 iratae
889 2094 1241 2164 respexerint.
1318 2095 1434 2148 Scit
1467 2096 1878 2149 mathematicos
1921 2098 2163 2151 Thraciae
2209 2100 2322 2152 sola

311 2184 608 2237 carminum
636 2182 891 2235 violentia
918 2181 1113 2251 quibus
1159 2181 1410 2233 affuerint
1452 2182 1712 2235 occidere.
1790 2183 1938 2236 Quid
1964 2185 2208 2253 pestibus
2235 2186 2320 2238 his

314 2270 617 2323 occultius?
697 2269 834 2322 Quae
879 2277 1025 2319 mors
1065 2267 1133 2318 ad
1159 2268 1522 2319 accusandum
1559 2268 1828 2338 ineptior?
1906 2270 2176 2340 Utrinque
2205 2290 2323 2324 sus-

309 2356 532 2427 pitionis
572 2355 1140 2425 reperitargumenta,
1166 2354 1317 2422 ipsos
1357 2354 1569 2406 sceleris
1607 2354 1766 2406 timet
1803 2363 2068 2420 auctoreS,
2095 2367 2150 2409 et
2175 2359 2319 2427 quod

308 2444 425 2514 ipse
469 2442 570 2495 scit
613 2441 886 2494 neminem
930 2441 1094 2492 latere
1121 2439 1308 2504 credit,
1335 2440 1498 2491 audet
1522 2440 1579 2491 in
1607 2441 1789 2492 Deum
1819 2441 1905 2493 cui
1931 2443 2110 2494 nudus
2138 2452 2238 2509 est,
2266 2453 2321 2496 et

308 2531 366 2583 in
393 2531 590 2581 famam
616 2527 800 2580 tremit
826 2533 1082 2590 armatus,
1107 2534 1170 2578 ut
1194 2526 1471 2578 hominem
1494 2527 1660 2577 simul
1686 2535 1741 2578 et
1765 2535 1996 2580 mortem
2023 2530 2320 2600 extinguat,

308 2635 472 2669 omne
525 2615 654 2667 facit
698 2613 894 2666 mentis
945 2612 1284 2672 adulterium,
1333 2619 1388 2664 et
1426 2612 1483 2663 in
1524 2612 1876 2681 cogitationes
1921 2622 2070 2667 totus
2131 2617 2321 2670 defluit

310 2702 528 2766 alienaS,
568 2710 631 2753 ut
671 2700 891 2753 nomine
930 2706 1156 2751 vocetur
1198 2716 1361 2762 novo,
1405 2697 1545 2749 sicut
1584 2698 1820 2750 hominis
1861 2698 1945 2750 sit.
2028 2701 2320 2756 Morticida

311 2806 519 2839 venena
543 2789 775 2857 placent,
803 2786 897 2838 sed
923 2785 1157 2848 insolita,
1180 2784 1275 2836 sed
1301 2783 1605 2852 singularia,
1627 2783 1722 2835 sed
1746 2792 1809 2836 ut
1834 2786 2216 2840 nocentissima
2244 2791 2320 2844 sic

312 2872 683 2936 latentissima,
711 2873 787 2924 sic
814 2872 990 2941 qualia
1027 2870 1174 2922 nulla
1202 2869 1431 2939 Scythas
1458 2876 1513 2921 et
1537 2869 1803 2934 Thraces3
1848 2870 2038 2924 Circen
2064 2877 2321 2944 praeterit,

313 2964 367 3008 et
408 2957 684 3021 Medeam,
710 2965 765 3008 et
801 2972 1136 3024 quaecunque
1162 2954 1404 3007 veritatis
1443 2954 1646 3006 habent
1670 2955 1896 3026 vestigia
1936 2962 2320 3026 praetermittit.

315 3042 562 3094 Invisum
590 3050 644 3094 et
668 3041 972 3093 inauditum
998 3048 1252 3109 procurat
1276 3040 1502 3104 facinUS,
1521 3058 1681 3092 omne
1709 3042 1900 3110 satagit
1925 3062 2141 3098 movere
2165 3048 2320 3118 lapil-

312 3128 426 3178 lum
444 3148 458 3192 3
492 3135 546 3178 et
563 3127 684 3196 quia
703 3127 839 3178 nihil
853 3126 1062 3179 invenit
1081 3126 1226 3194 quod
1245 3144 1356 3178 non
1377 3144 1443 3177 ex
1458 3134 1727 3179 vetustate
1747 3129 1973 3197 prodeat
1989 3149 2319 3202 repercussa,

311 3213 484 3266 resilit
509 3213 823 3278 obstinatio,
866 3213 1007 3264 redit
1051 3220 1234 3265 tamen
1275 3213 1342 3265 ad
1382 3221 1598 3266 vetusta
1632 3233 1787 3267 mens
1827 3216 2020 3287 indaga
2062 3221 2321 3275 novitatis

313 3305 369 3350 et
393 3298 721 3352 inventionis
748 3299 944 3368 indiga.
1022 3299 1241 3353 Memor
1270 3299 1433 3369 igitur
1472 3301 1726 3354 Herculis
1752 3309 1807 3355 et
1840 3303 2129 3373 Dejanirae‚
2157 3307 2321 3361 Nessi
