2638 3860
425 360 485 405 18
1133 369 1441 404 GUAL'rEm
1482 368 1681 402 MAPEs
2117 364 2313 416 [Distinc.
2335 362 2371 402 Ι.

419 502 585 559 ratuS,
607 495 826 564 gratiam
843 494 891 547 ei
910 493 1126 547 cesserit
1143 492 1200 544 in
1215 492 1539 544 felicitatem.
1615 491 1758 542 Nam
1785 491 1899 560 ejus
1927 489 2086 543 curiae
2105 495 2400 558 magnateS,

422 589 677 649 quantum
706 598 760 632 se
786 580 963 630 minus
991 578 1146 630 solito
1175 577 1415 628 sentiunt
1437 575 1689 627 honorari
1713 593 1745 626 a
1770 575 1989 627 domino
2028 592 2144 638 suc,
2188 581 2400 625 tantum

417 665 594 733 ipsum
620 665 694 716 eis
721 664 1008 715 detraxisse
1033 661 1226 714 favoris
1253 666 1552 723 autumant,
1596 667 1650 710 et
1687 667 1948 727 quantum
1990 659 2171 728 ipsum
2212 658 2402 710 vident

416 747 472 798 in
489 766 720 799 amorem
741 749 1049 816 praefectum
1067 746 1223 796 altius
1240 745 1567 813 praelectum,
1588 750 1801 794 tantum
1821 743 2000 813 ipsum
2020 743 2097 795 eis
2114 742 2400 794 abstulisse

416 839 707 899 queruntur
714 851 728 894 3
756 838 810 881 et
824 830 879 881 in
896 831 1127 881 furorem
1144 829 1358 881 invidiae
1378 829 1518 881 versi
1536 828 1828 879 studiosius
1846 827 2401 896 deprimerenituntur

412 932 509 982 per
528 915 799 979 malitiam,
821 934 979 984 quem
1000 934 1209 967 summa
1223 915 1393 967 virtus
1420 913 1611 965 extulit
1632 912 1690 962 in
1715 912 1957 981 gratiam.
2001 911 2287 962 Armatum
2311 911 2402 962 vel

413 998 588 1067 aliquo
616 1000 776 1051 modo
804 1000 1164 1052 conscientem
1189 1000 1438 1051 invadere
1462 998 1769 1049 formidant.
1845 998 1912 1048 In
1938 996 2234 1065 pessimum
2274 1012 2399 1063 ergo

412 1083 797 1150 persecutionis
822 1103 989 1152 genus
1017 1086 1339 1154 degenerant
1364 1083 1773 1146 accusationem,
1800 1088 1855 1133 et
1878 1081 2024 1150 gravi
2049 1088 2200 1149 parte
2227 1079 2400 1131 domi-

412 1185 543 1218 num
570 1187 725 1219 suum
750 1169 1008 1222 inermem
1053 1170 1293 1222 sentiunt
1330 1177 1384 1220 et
1422 1169 1629 1219 nudum
1669 1174 1966 1236 acceptant.
2042 1166 2232 1218 Sciunt
2272 1184 2398 1217 eum

412 1252 689 1322 zelotypiae
697 1255 901 1305 fatuum
913 1255 1131 1324 ineptia,
1142 1255 1467 1323 mittuntque
1485 1254 1620 1305 duos
1638 1271 1703 1304 ex
1711 1253 1843 1322 ipsis
1860 1253 1927 1303 ad
1938 1269 2134 1320 regem,
2146 1251 2236 1320 qui
2247 1250 2399 1320 quasi

414 1353 567 1387 senes
586 1336 881 1389 Babilonici
898 1339 1137 1390 deferant
1144 1340 1378 1408 reginam
1389 1338 1750 1401 innocentem,
1759 1346 1822 1389 ut
1830 1338 1907 1388 illi
1919 1337 2239 1400 Susannam,
2249 1337 2400 1387 adul-

411 1427 635 1472 teratam
656 1440 775 1473 cum
787 1423 1001 1491 juvene.
1029 1425 1145 1475 Rex
1163 1424 1324 1493 igitur
1339 1442 1399 1475 ea
1413 1430 1563 1491 parte
1578 1423 1886 1475 vulneratus
1904 1424 1971 1474 ad
1990 1441 2081 1475 cor
2096 1442 2199 1491 qua
2217 1423 2399 1491 ipsum

410 1503 572 1555 lorica
592 1506 864 1573 sapientiae
884 1526 994 1558 non
1011 1507 1241 1576 tegebat,
1267 1508 1335 1558 ad
1362 1513 1588 1558 mortem
1616 1507 1804 1572 doluit,
1831 1526 2074 1576 caecaque
2099 1508 2399 1578 praecipita-

409 1586 556 1638 tione
581 1590 850 1657 praecepit,
890 1597 952 1640 ut
976 1590 1079 1658 ipsi
1107 1590 1316 1641 sceleris
1350 1595 1593 1640 auctores
1630 1589 1687 1640 in
1720 1590 2064 1642 innocentem
2108 1609 2255 1642 arma
2298 1592 2396 1642 du-

409 1680 589 1722 cerent
628 1674 909 1725 crudeliter
950 1682 1005 1725 et
1045 1674 1414 1727 secretissime.
1489 1674 1632 1725 Data
1672 1682 1754 1726 est
1795 1675 1956 1743 igitur
1994 1675 2203 1727 insidiis
2243 1677 2400 1728 inno-

412 1756 599 1808 centia.
676 1759 979 1810 Proditores
1007 1761 1179 1811 scelus
1207 1761 1374 1812 celare
1407 1760 1562 1827 jussi,
1584 1759 1771 1826 juveni
1798 1777 1853 1810 se
1873 1760 2182 1811 familiarius
2201 1762 2398 1827 verbiS,

411 1839 697 1908 obsequiis,
741 1849 795 1893 et
843 1843 899 1892 in
950 1843 1200 1894 omnibus
1244 1843 1438 1894 amoris
1483 1843 1769 1895 conciliant
1818 1845 2199 1911 simultatibus,
2245 1857 2300 1900 et
2341 1848 2398 1900 in

412 1924 526 1990 ejus
587 1925 808 1992 gratiam
849 1927 994 1978 falsis
1045 1928 1289 1980 amicitiae
1345 1929 1714 1980 conscendunt
1756 1930 2028 1998 gradibus.
2102 1932 2400 1986 Abducunt

412 2027 531 2059 eum
561 2011 710 2077 quasi
746 2019 1061 2062 venaturum
1100 2012 1156 2063 in
1200 2013 1433 2064 nemoris
1479 2014 1797 2065 densitatem
1839 2022 1893 2065 et
1937 2025 2138 2069 secreta
2182 2021 2396 2086 deserti,

405 2095 810 2164 jugulatumque
871 2096 1012 2164 lupis
1056 2105 1111 2148 et
1155 2097 1493 2166 serpentibus
1539 2099 1933 2168 derelinquunt,
1979 2103 2183 2172 solique
2227 2109 2398 2159 mani-

410 2181 610 2232 festant
647 2180 694 2230 ei
738 2179 827 2247 qui
854 2180 1109 2249 deceptus
1134 2182 1237 2233 hoc
1268 2183 1502 2250 jusserat
1521 2204 1536 2247 3
1575 2184 1727 2252 cujus
1766 2186 1889 2254 quia
1914 2189 2157 2240 nondum
2197 2193 2398 2245 resedit

410 2265 573 2327 furor,
615 2264 834 2315 domum
879 2273 1145 2333 properat,
1182 2267 1578 2336 ingrediturque
1622 2270 1689 2320 ad
1730 2270 2011 2336 thalamOS,
2056 2292 2301 2329 arcanam
2343 2287 2398 2331 et

408 2349 677 2400 insolitam
705 2348 805 2399 sibi
831 2350 1151 2414 conclavem,
1178 2351 1465 2419 ejectisque
1503 2352 1617 2403 aliis
1661 2353 1716 2403 in
1763 2355 1932 2406 solam
1971 2375 2202 2411 vesanus
2242 2361 2397 2416 irruit

408 2433 642 2500 reginam
668 2432 937 2500 gravidam
965 2441 1018 2485 et
1041 2434 1196 2502 juxta
1238 2443 1471 2503 partum,
1507 2455 1609 2504 qua
1651 2438 1880 2506 pedibus
1923 2443 2224 2513 pugnisque
2269 2466 2398 2499 con-

408 2525 543 2577 tusa,
571 2516 916 2568 homicidium
956 2517 1153 2586 duplex
1191 2537 1300 2570 uno
1344 2521 1566 2588 perfecit
1604 2521 1827 2590 impetu.
1902 2526 2195 2580 Advocatis
2235 2530 2398 2599 igitur

412 2619 651 2653 seorsum
699 2600 951 2668 nequitiae
996 2619 1106 2652 suae
1134 2603 1370 2654 scelestis
1415 2606 1785 2674 complicibuS,
1828 2616 2084 2678 tanquam
2118 2613 2282 2681 justae
2327 2618 2398 2669 sit

410 2694 592 2738 auctor
639 2685 857 2736 ultionis
903 2686 968 2737 de
1013 2688 1168 2755 culpa
1211 2688 1406 2757 triplici
1432 2707 1609 2741 coram
1648 2692 1780 2760 ipsis
1825 2696 2105 2763 magnifica
2141 2699 2398 2767 gloriatur

406 2770 677 2840 jactantia.
752 2769 839 2820 Illi
863 2788 989 2821 vero
1014 2771 1192 2839 ipsum
1219 2773 1371 2840 quasi
1395 2774 1568 2825 virum
1596 2776 1898 2829 animosum
1925 2788 1978 2831 et
2004 2781 2199 2834 fortem
2237 2788 2397 2839 attol-

410 2856 530 2906 lunt
553 2854 721 2904 multa
743 2854 961 2905 laudum
986 2856 1378 2922 prosecutione,
1404 2866 1466 2909 ut
1503 2877 1661 2927 quem
1689 2862 1914 2914 stultum
1939 2865 2175 2919 fecerant
2198 2872 2396 2938 perdu-

409 2947 617 2990 rantem
673 2938 729 2989 in
780 2939 1006 2990 stultitia
1063 2948 1296 2994 teneant.
1373 2943 1531 2995 Siluit
1592 2945 1917 3015 aliquamdiu
1961 2951 2091 3004 dum
2158 2973 2268 3007 non
2313 2966 2397 3010 est

414 3040 620 3090 egressa
647 3022 868 3087 sediti03
916 3024 1007 3074 sed
1048 3025 1172 3092 quia
1209 3025 1302 3077 diu
1334 3045 1445 3079 non
1479 3036 1678 3098 potest,
1714 3039 1777 3084 ut
1816 3034 1984 3100 aiunt,
2019 3037 2182 3090 latere
2222 3042 2396 3094 caedes

415 3105 754 3170 clandestina,
798 3108 1013 3158 tandem
1039 3108 1252 3178 irrepsit
1293 3110 1349 3161 in
1395 3130 1545 3165 aures
1589 3116 1794 3183 populi,
1839 3125 1893 3169 et
1933 3129 2133 3187 quanto
2177 3125 2397 3179 tenebat

414 3206 572 3239 voces
598 3190 756 3241 timor
781 3193 990 3260 tyranni
1014 3195 1269 3262 pressiUS,
1294 3195 1348 3246 in
1370 3204 1521 3250 tanto
1543 3201 1888 3254 crudescebat
1902 3203 2120 3256 infamia
2154 3224 2397 3263 susurra-

417 3270 562 3322 tione
587 3273 847 3340 frequenti
872 3277 1078 3330 fortius,
1152 3279 1257 3332 Est
1281 3288 1460 3334 autem
1504 3300 1687 3337 rumor
1725 3285 1924 3338 vetitus
1964 3288 2110 3342 licito
2151 3309 2396 3350 sermone
