2638 3860
344 379 415 427 40
1068 385 1379 437 GUALTERI
1419 386 1620 422 MAPEs
2047 389 2243 440 [Distinc.
2264 387 2304 429 1.

339 515 509 584 ‘nigris
567 513 837 566 monachis
889 518 951 563 ut
998 510 1310 562 contrariam
1364 527 1549 561 eorum
1597 510 1838 563 vestibus
1886 521 2091 566 vestem
2154 513 2330 565 albam

344 602 593 652 habeant.
682 598 1072 650 Monachorum
1130 613 1289 646 nemo
1352 613 1508 646 carne
1562 595 1649 646 vel
1710 597 1966 664 sanguine
2015 598 2330 650 vescebatur

345 694 467 737 ante
505 693 745 752 tempora
784 682 969 733 Karoli
1006 680 1200 749 magni,
1227 679 1318 748 qui
1343 679 1550 731 devotis
1588 679 1826 748 optinuit
1858 701 1888 732 a
1921 683 2106 735 Leone
2142 683 2329 751 papa*

344 767 819 837 supplicationibus
867 785 1026 817 usum
1089 763 1360 832 sanguinis
1416 763 1764 815 cismontanis
1813 767 2108 831 monachis,
2156 769 2328 835 impe-

341 868 486 905 trans
524 853 599 904 eis
640 853 816 903 oleum
859 850 1244 918 lardinumque,
1301 866 1412 899 non
1449 847 1707 900 haberent
1746 849 2012 900 laurinum
2050 858 2113 901 ut
2150 858 2327 902 trans-

341 938 597 989 montani.
684 936 981 988 Licentiam
1029 937 1168 986 hanc
1210 933 1301 984 isti
1350 952 1458 985 non
1502 933 1855 1002 suscipientes
1905 935 2180 1004 antiquam
2219 935 2329 986 dis-

339 1022 638 1074 trictionem
667 1022 855 1073 semite
882 1028 1112 1085 servant,
1147 1028 1208 1071 ut
1241 1018 1306 1070 ab
1334 1036 1429 1070 esu
1468 1019 1706 1070 carnium
1729 1040 1740 1070 :
1794 1020 1839 1070 si
1864 1027 1926 1071 ut
1950 1019 2108 1070 alieni
2133 1037 2324 1088 porcos

337 1115 517 1159 tamen
566 1106 633 1156 ad
682 1106 827 1157 milia
886 1106 1054 1156 multa
1114 1103 1376 1167 nutriunt,
1425 1102 1656 1154 bacones
1705 1103 1831 1155 inde
1878 1104 2138 1168 vendunt,
2187 1104 2326 1155 forte

336 1209 447 1243 non
490 1208 706 1242 omnes:
748 1189 937 1258 capita,
963 1189 1137 1252 tibias,
1164 1187 1328 1256 pedes
1369 1204 1467 1238 nec
1502 1186 1649 1250 dant,
1675 1206 1774 1239 nec
1799 1188 2060 1252 vendunt,
2084 1206 2185 1240 nec
2228 1187 2324 1256 eji-

337 1274 514 1337 ciunt3
554 1292 659 1342 quo
699 1273 984 1325 deveniant
1022 1273 1172 1324 Deus
1218 1272 1334 1323 scit.
1418 1271 1672 1324 Similiter
1714 1280 1769 1324 et
1813 1274 1878 1324 de
1926 1273 2134 1342 gallinis
2183 1272 2325 1324 inter

338 1358 637 1410 Dominum
670 1357 740 1409 sit
779 1364 833 1409 et
870 1357 1037 1426 ipsos,
1063 1356 1256 1426 quibus
1283 1356 1559 1407 abundant
1603 1358 1886 1416 maxime.†
1959 1358 2322 1410 Ecclesiarum

335 1442 701 1512 possessiones
723 1442 1068 1505 devoverunt,
1090 1449 1144 1493 et
1169 1440 1505 1492 omnimodas
1531 1441 1759 1510 injustas
1787 1444 2119 1513 adeptioneS,
2139 1443 2321 1496 labore

335 1544 590 1578 manuum
618 1543 831 1576 suarum
857 1544 980 1576 cum
1015 1526 1259 1593 apostolo
1286 1525 1546 1590 viventeS,
1573 1528 1721 1579 omni
1748 1529 1953 1580 seclusa
1993 1529 2320 1597 cupiditate3

336 1610 429 1662 sed
455 1610 522 1660 ad
541 1617 756 1677 tempus
781 1608 962 1660 nescio
989 1608 1117 1677 quid
1136 1618 1550 1678 proposuerunt,
1575 1620 1669 1663 aut
1692 1612 1749 1663 in
1768 1612 1938 1665 botris
1958 1613 2319 1683 promiserint,

335 1696 429 1747 sed
468 1694 716 1764 quicquid
752 1693 1094 1763 promiserint
1135 1694 1451 1747 subsecutus
1491 1703 1573 1747 est
1610 1697 1833 1763 fructUS,
1877 1698 2021 1750 unde
2065 1699 2319 1751 timemus

334 1780 565 1831 arbores·
640 1779 708 1830 In
743 1779 994 1831 omnibus
1019 1786 1149 1832 tunc
1176 1798 1232 1831 se
1259 1780 1571 1848 suppliciter
1596 1789 1650 1833 et
1695 1783 2005 1851 simpliciter
2029 1783 2319 1849 habebant,

334 1865 468 1916 nihil
476 1864 645 1928 avide,
663 1864 796 1914 nihil
810 1864 1023 1932 proprie
1039 1864 1311 1929 facientes,
1331 1864 1464 1915 nulli
1483 1873 1738 1933 negantes
1756 1867 2030 1918 emulatim
2048 1868 2319 1933 solatium,

333 1949 467 2000 nulli
490 1948 743 1999 facientes
771 1948 914 2016 quod
941 1947 1043 1998 sibi
1067 1948 1281 1998 nollunt
1306 1947 1437 2012 fieri,
1462 1949 1597 2000 nulli
1636 1951 1838 2002 malum
1876 1969 1974 2019 pro
2015 1951 2156 2004 malo
2196 1953 2317 2004 red-

336 2034 540 2096 denteS,
565 2032 927 2083 innocentiam
967 2031 1033 2082 ab
1077 2032 1294 2083 infamia
1338 2041 1627 2098 servanteS,
1670 2034 1746 2085 ita
1783 2034 2083 2087 balsamum
2108 2055 2139 2087 a
2162 2036 2278 2089 luto
2298 2058 2314 2102 3

335 2135 519 2170 eorum
545 2116 723 2169 cuncti
746 2116 1035 2168 laudabant
1063 2117 1298 2182 sabbata,
1324 2117 1543 2187 fierique
1581 2117 1868 2186 cupiebant
1891 2127 1955 2170 ut
1996 2119 2089 2172 illi.
2166 2121 2316 2173 Facti

334 2208 461 2253 sunt
478 2201 638 2269 igitur
662 2201 717 2252 in
737 2201 998 2270 populum
1024 2202 1255 2253 multum
1277 2202 1455 2266 nimiS,
1482 2209 1536 2254 et
1560 2202 1616 2253 in
1643 2203 1831 2254 domos
1859 2203 1999 2255 aucti
2024 2204 2281 2273 plurimas
2299 2227 2314 2271 3

332 2285 550 2337 nomina
569 2285 710 2338 enim
731 2286 1014 2337 domorum
1039 2286 1095 2337 in
1123 2305 1178 2338 se
1206 2287 1464 2338 claudunt
1489 2286 1687 2354 aliquid
1707 2286 2001 2339 divinitatis
2022 2291 2314 2356 oraculum,

330 2377 392 2421 ut
419 2369 703 2433 Casa-Dei,
719 2369 1156 2436 Vallis-Domini,
1179 2371 1606 2436 Portus-salutis,
1631 2371 2116 2438 Ascende-coelum,
2145 2375 2314 2428 Mira-

327 2454 497 2518 valliS,
531 2454 790 2516 Lucerna,
836 2454 1168 2508 Clara-vallis
1189 2477 1205 2521 3
1243 2457 1369 2509 hinc
1395 2464 1545 2509 ortus
1572 2462 1656 2508 est
1676 2456 2031 2523 BarnardUS,‡
2057 2465 2112 2511 et
2136 2459 2312 2513 lucere

328 2538 489 2606 coepit
529 2537 668 2589 inter
710 2538 840 2590 alios
878 2539 987 2591 imo
1027 2558 1187 2609 super
1211 2540 1361 2605 alios,
1397 2548 1461 2592 ut
1502 2540 1720 2592 Lucifer
1760 2540 1901 2593 inter
1938 2551 2203 2595 nocturna
2243 2544 2315 2596 si-

328 2622 469 2687 dera,
509 2621 591 2674 vir
616 2622 931 2692 eloquentiae
967 2633 1250 2693 promptae,
1276 2626 1368 2695 qui
1390 2625 1540 2694 bigas
1566 2626 1891 2678 circumduci
1929 2644 2026 2695 per
2069 2627 2310 2681 civitates

379 2786 405 2814 *
433 2787 542 2839 Pope
562 2787 645 2826 Leo
665 2787 771 2836 111„
791 2789 879 2827 who
898 2789 1095 2841 occupied
1113 2790 1184 2829 the
1202 2790 1323 2841 papal
1341 2790 1454 2830 chair
1471 2791 1578 2830 from
1597 2793 1675 2833 795
1696 2794 1740 2830 to
1761 2791 1853 2831 816.

379 2868 410 2912 †
436 2866 623 2918 Nigellus
639 2867 828 2907 Wircker
846 2881 937 2919 says
956 2869 1004 2907 of
1017 2870 1087 2909 the
1106 2870 1334 2909 Cistercian
1351 2871 1572 2919 monks‚—

705 2949 733 2969 “
753 2946 851 2986 Non
871 2948 1086 2987 comedent
1104 2962 1260 2997 carnes,
1279 2950 1359 2989 nisi
1378 2963 1471 2990 cum
1490 2951 1718 3002 permiserit
1735 2952 1873 3001 abbas,

809 3012 1104 3064 Praepositusve
1122 3016 1217 3064 loci,
1239 3016 1289 3055 de
1307 3018 1458 3068 pietate
1476 3030 1563 3057 sua.

749 3079 806 3117 Et
824 3079 919 3130 quia
937 3081 1240 3132 quadrupedum
1260 3084 1449 3134 prohibet
1468 3096 1539 3123 sua
1557 3084 1696 3135 regula
1715 3097 1868 3134 carnes,

803 3145 891 3184 Nec
910 3146 1008 3186 sinit
1024 3148 1088 3187 his
1105 3147 1213 3187 vesci
1230 3161 1305 3199 pro
1323 3149 1517 3199 gravitate
1536 3150 1612 3197 sui,

751 3210 853 3252 Quae
871 3212 980 3251 volat
997 3217 1067 3252 aut
1085 3215 1211 3254 currit
1229 3229 1388 3267 semper
1405 3217 1577 3268 cupiunt
1588 3217 1829 3267 bipedalem,

803 3276 900 3315 Non
918 3278 1012 3328 quia
1030 3280 1083 3320 sit
1101 3283 1256 3332 melior,
1277 3284 1349 3324 sed
1367 3285 1462 3337 quia
1476 3297 1568 3325 rara
1584 3285 1761 3336 magis.’'

378 3369 404 3416 ‡
432 3367 612 3408 Bernard
630 3367 676 3408 of
692 3368 917 3411 Clairvaux.
