2638 3860
407 325 508 383 cap.
529 342 570 369 x.
590 328 669 380 xi.]
1016 329 1094 364 nn
1124 329 1308 366 NUG1s
1337 328 1711 366 cUmAmUM.
2300 313 2370 376 77

819 458 901 509 De
926 458 1340 525 apparitionibus
1354 458 1728 526 fantasticis*
1801 456 1878 509 xi.

422 543 588 595 Aliud
628 562 740 596 non
774 543 1092 596 miraculum
1119 544 1215 596 sed
1253 551 1571 613 portentum
1608 543 1768 596 nobis
1803 543 2090 596 Walenses
2117 543 2372 596 referunt.

352 628 667 683 Wastinum
707 630 1046 682 Wastiniauc
1088 648 1244 683 secus
1288 637 1540 699 stagnum
1567 630 1957 696 Brekeniauc,†
2003 630 2149 700 quod
2188 629 2245 682 in
2272 629 2374 683 cir-

357 717 507 768 cuitu
535 717 643 769 duo
671 717 896 769 miliaria
920 723 1089 781 tenet,
1114 716 1378 768 mansisse
1405 716 1557 768 aiunt
1582 724 1638 769 et
1667 716 1867 769 vidisse
1894 735 1989 786 per
2013 724 2123 770 tres
2150 717 2316 770 claras
2342 734 2374 768 a

354 802 483 855 luna
508 811 696 856 noctes
735 805 957 856 choreas
982 802 1325 856 foeminarum
1357 802 1414 854 in
1456 821 1647 872 campo
1674 821 1858 856 avenae
1885 821 2015 869 suae,
2046 811 2102 856 et
2127 810 2374 856 secutum

356 913 481 948 eum
519 915 608 949 eas
652 895 819 948 fuisse
846 896 1020 948 donec
1058 914 1196 965 aqua
1235 895 1412 965 stagni
1451 895 1944 965 submergerentur,
1980 915 2147 949 unam
2189 904 2374 950 tamen

358 990 546 1052 quarta
586 982 702 1035 vice
728 982 1035 1035 retinuisse.
1110 980 1381 1033 Narrabat
1417 981 1579 1034 etiam
1606 981 1695 1034 ille
1719 990 1905 1051 raptor
1929 983 2073 1035 illius
2113 983 2258 1053 quod
2285 1000 2374 1035 eas

358 1069 610 1121 noctibus
639 1068 863 1138 singulis
889 1075 1017 1138 post
1043 1066 1473 1119 submersionem
1500 1085 1683 1119 earum
1709 1077 2107 1122 murmurantes
2134 1070 2377 1122 audisset

360 1154 461 1206 sub
488 1173 625 1224 aqua
650 1162 706 1207 et
741 1154 1000 1218 dicenteS,
1026 1156 1063 1183 “
1080 1152 1139 1205 Si
1179 1153 1284 1205 hoc
1310 1152 1546 1217 fecisset,
1585 1171 1751 1204 unam
1792 1153 1859 1205 de
1890 1154 2050 1207 nobis
2090 1155 2378 1225 cepisset,'’

357 1248 413 1293 et
440 1258 496 1292 se
523 1240 589 1291 ab
615 1239 748 1309 ipsis
776 1241 1030 1292 edoctum
1057 1238 1331 1308 quomodo
1369 1238 1487 1291 haec
1513 1238 1710 1308 adepta
1736 1239 1823 1305 sit,
1850 1259 1972 1310 quae
2012 1250 2068 1294 et
2102 1242 2380 1295 consensit

359 1333 416 1378 et
439 1326 629 1396 nupsit
654 1326 721 1391 ei,
748 1334 803 1378 et
828 1326 1002 1396 prima
1038 1324 1203 1378 verba
1230 1343 1327 1376 sua
1350 1325 1467 1377 haec
1493 1325 1562 1377 ad
1588 1325 1764 1378 virum
1792 1345 1970 1393 suum,
1997 1330 2032 1357 ‘⁶
2048 1327 2253 1380 Libens
2278 1327 2380 1380 tibi

362 1413 609 1478 serviam,
636 1420 691 1465 et
734 1420 850 1465 tota
876 1411 1198 1464 obedientiae
1244 1411 1533 1463 devotione
1577 1430 1750 1481 usque
1792 1413 1849 1465 in
1892 1414 2035 1467 diem
2074 1414 2225 1466 illum
2253 1433 2379 1484 pro-

362 1500 504 1552 silire
529 1499 717 1551 volens
745 1499 813 1550 ad
851 1499 1110 1551 clamores
1154 1497 1296 1549 ultra
1337 1497 1544 1550 Lenem
1571 1516 1659 1550 me
1694 1499 1847 1551 freno
1872 1507 1968 1553 tuo
1994 1495 2377 1570 percusseris?

360 1586 467 1637 Est
492 1593 673 1637 autem
714 1586 923 1638 Lenem
949 1603 1086 1655 aqua
1111 1583 1286 1636 vicina
1313 1590 1521 1653 stagno.
1599 1583 1763 1638 Quod
1789 1594 1845 1638 et
1868 1587 2071 1639 factum
2097 1595 2181 1640 est
2195 1608 2210 1653 3
2250 1595 2379 1657 post

360 1672 606 1741 plurimae
632 1671 799 1741 prolis
828 1671 1228 1741 susceptionem
1255 1669 1321 1721 ab
1349 1687 1413 1722 eo
1439 1670 1592 1722 freno
1617 1689 1873 1740 percussa
1898 1679 1999 1738 est,
2037 1680 2092 1725 et
2115 1673 2173 1725 in
2198 1675 2378 1727 reditu

362 1775 460 1810 suo
499 1757 777 1810 inventam
821 1775 940 1810 eam
978 1756 1275 1826 fugientem
1331 1774 1454 1808 cum
1494 1757 1662 1825 prole,
1720 1757 1997 1811 insecutus
2043 1768 2143 1825 est,
2184 1768 2240 1814 et
2281 1762 2375 1815 vix

359 1856 532 1894 unum
554 1861 620 1895 ex
635 1843 758 1895 filiis
780 1844 891 1895 suis
918 1843 1158 1913 arripuit,
1185 1841 1406 1915 nomine
1425 1842 1723 1895 Triunnem
1748 1843 2040 1914 Nagelauc.
2117 1847 2226 1900 Hic
2251 1865 2375 1900 cum

358 1938 508 1982 esset
528 1930 904 2000 magnanimus
942 1937 1101 1982 arctae
1126 1927 1491 1999 possessionis
1518 1930 1778 1982 terminos
1805 1931 1953 1985 exiit.
2030 1933 2235 2003 Regem
2251 1952 2376 2004 ergo

366 2017 432 2068 de
460 2017 723 2081 Heulard,
748 2019 784 2068 i.
812 2034 852 2067 e.
894 2015 1218 2081 Norwalliae,
1244 2013 1346 2066 sibi
1373 2014 1655 2067 dominum
1686 2017 1846 2087 elegit
1861 2038 1876 2082 3
1915 2018 1992 2071 ibi
2018 2019 2112 2071 diu
2137 2027 2378 2072 moratus

358 2102 674 2172 jactantiam
702 2103 909 2155 domini
950 2103 1034 2155 sui
1073 2120 1186 2154 non
1225 2101 1367 2166 tulit,
1395 2100 1487 2169 qui
1528 2119 1653 2154 cum
1695 2103 1925 2156 sedisset
1948 2104 2006 2156 in
2032 2123 2200 2171 coena,
2225 2107 2380 2158 fami-

362 2189 490 2240 liam
515 2189 743 2240 multam
782 2189 943 2241 nimis
978 2197 1035 2242 et
1069 2188 1270 2240 bonam
1309 2186 1514 2239 viribus
1541 2195 1596 2239 et
1620 2189 1782 2241 armis
1808 2190 2119 2259 respicienS‚
2147 2192 2378 2262 superbe

365 2274 568 2340 intulit,
628 2276 810 2327 “Non
854 2283 938 2327 est
977 2273 1254 2344 provincia
1301 2272 1389 2324 vel
1441 2290 1668 2342 regnum
1719 2275 1821 2327 sub
1866 2277 2001 2328 coelo
2051 2278 2196 2330 unde
2246 2278 2381 2330 mihi

366 2360 521 2412 iacile
586 2379 697 2413 non
758 2361 829 2412 sit
889 2361 1127 2431 praedam
1190 2358 1434 2421 educere,
1485 2366 1540 2410 et
1590 2359 1705 2411 sine
1763 2360 1905 2414 bello
1963 2363 2192 2415 reverti:
2257 2364 2378 2433 quis

370 2447 515 2499 enim
555 2454 708 2499 tanto
753 2446 887 2499 mihi
935 2454 1207 2515 tantaeque
1244 2442 1462 2495 familiae
1514 2463 1649 2497 meae
1692 2446 1940 2499 resistere
1988 2449 2200 2518 possit?
2255 2449 2375 2520 quis

369 2551 497 2586 vero
518 2533 718 2603 absque
738 2533 955 2603 negotio
983 2552 1013 2585 a
1038 2532 1171 2585 facie
1197 2537 1384 2583 nostra
1400 2529 1647 2599 fugiat?”
1721 2532 1981 2586 Triunem
2000 2535 2117 2587 haec
2135 2534 2379 2598 audienS,
2446 2545 2448 2547 ’

368 2619 696 2689 probitatem
754 2628 809 2672 et
868 2618 1272 2689 improbitatem
1324 2633 1545 2668 suorum
1604 2619 2078 2688 compatriotarum
2123 2639 2378 2691 pensam,

423 2719 449 2745 *
477 2719 565 2759 The
584 2720 757 2771 popular
775 2720 943 2771 legends
969 2718 1187 2759 contained
1217 2718 1261 2756 in
1282 2716 1352 2755 the
1406 2717 1582 2755 married
1601 2718 1718 2757 wood
1739 2719 1930 2770 nymphs.
1989 2720 2153 2771 Among
2180 2721 2251 2760 the
2268 2725 2380 2760 most

372 2787 583 2838 following
604 2788 795 2839 chapters
815 2800 883 2827 are
903 2787 1127 2837 extremely
1154 2787 1350 2825 interest·
1406 2785 1661 2825 remarkable
1681 2788 1887 2838 examples
1918 2801 2008 2840 may
2036 2789 2087 2829 be
2114 2789 2285 2840 pointed
2304 2793 2378 2829 out

372 2855 457 2904 ing,
486 2858 562 2894 not
590 2856 688 2906 only
718 2856 894 2895 because
925 2856 1026 2906 they
1055 2868 1123 2895 are
1162 2854 1349 2894 valuable
1407 2853 1609 2892 Matthew
1629 2854 1781 2894 Paris's
1799 2855 1946 2906 legend
1965 2857 2012 2895 of
2038 2856 2150 2908 King
2170 2856 2275 2906 offa,
2297 2856 2380 2896 and

371 2922 617 2962 documents
647 2924 892 2963 illustrative
933 2924 980 2963 of
1007 2924 1079 2963 the
1108 2923 1350 2975 mythology
1405 2921 1476 2960 the
1496 2922 1655 2961 French
1674 2935 1865 2962 romance
1885 2923 1931 2962 of
1946 2923 2170 2963 Melusine.

373 2990 421 3028 of
436 2989 507 3028 the
525 2990 729 3030 Teutonic
747 2992 829 3030 and
860 2992 994 3032 Celtic
1017 2991 1159 3039 tribes,
1183 2991 1257 3029 but
1275 2991 1348 3030 be·
1459 2990 1490 3033 †
1518 2989 1761 3029 Brecknock
1794 2991 1838 3029 in
1873 2991 2028 3030 Wales.
2099 2991 2305 3032 Brechein
2341 2993 2379 3033 is

374 3070 494 3097 cause
526 3070 638 3097 some
670 3058 717 3096 of
746 3059 860 3098 them
890 3060 1016 3098 relate
1046 3063 1090 3098 to
1116 3071 1287 3110 persons
1307 3058 1354 3097 of
1407 3056 1491 3097 said
1512 3059 1556 3096 to
1576 3057 1676 3096 have
1694 3057 1796 3097 been
1818 3058 1887 3097 the
1906 3059 1997 3098 first
2014 3059 2117 3110 king
2135 3060 2183 3100 of
2196 3060 2279 3099 this
2310 3074 2377 3101 re-

374 3125 587 3164 historical
601 3126 810 3177 celebrity.
852 3127 940 3166 The
952 3127 1070 3167 three
1082 3128 1172 3166 first
1183 3126 1351 3177 legende
1406 3125 1516 3174 gion.
1577 3125 1598 3164 I
1618 3125 1721 3165 have
1749 3125 1879 3165 found
1903 3139 1958 3166 no
1977 3130 2109 3167 traces
2129 3127 2177 3167 of
2204 3129 2287 3168 this
2316 3129 2378 3168 le-

374 3194 593 3244 preserved
621 3194 675 3245 by
703 3194 861 3234 Walter
890 3195 1038 3246 Mapes
1067 3195 1219 3245 belong
1256 3198 1301 3233 to
1329 3206 1354 3232 a
1407 3192 1513 3242 gend
1531 3193 1576 3231 in
1595 3193 1666 3232 the
1696 3194 1852 3234 writers
1872 3207 1927 3234 on
1944 3195 2089 3235 Welsh
2114 3196 2376 3248 antiquities;

379 3262 482 3300 class
501 3261 634 3300 which
654 3274 734 3300 was
754 3275 851 3313 very
870 3263 1079 3302 extensive
1099 3274 1250 3312 among
1281 3261 1352 3301 the
1407 3261 1441 3300 it
1458 3261 1494 3300 is
1523 3262 1730 3313 curiously
1759 3264 1986 3305 connected
2008 3265 2107 3305 with
2125 3265 2292 3306 ancient
2310 3269 2375 3307 tu-

379 3329 580 3369 Teutonic
600 3330 759 3382 people,
795 3330 886 3369 that
904 3330 951 3369 of
975 3327 1141 3371 mortals
1160 3330 1251 3370 who
1272 3329 1353 3369 had
1408 3330 1509 3370 muli
1527 3330 1572 3370 in
1592 3330 1662 3370 the
1682 3332 1836 3384 sequel-
