2638 3860
414 385 512 432 194
1108 391 1420 428 GUALTERI
1443 391 1680 426 MAPES.
2069 394 2267 443 [Distinc.
2288 394 2367 434 IV.

406 520 514 572 tius
541 519 651 571 es.'’
724 518 896 570 Vocat
927 517 1013 568 ille
1039 516 1260 579 vicinos,
1305 523 1360 567 et
1401 534 1586 584 passas
1622 514 1812 566 edocet
1849 515 2088 584 injurias.
2165 518 2254 569 Illi
2296 536 2390 570 ne-

404 611 590 672 gantes
618 620 673 653 se
693 602 888 652 vidisse
907 601 993 653 vel
1009 601 1219 651 audisse
1238 600 1512 650 hominem
1535 599 1779 650 derident
1799 617 1939 663 eum,
1961 609 2015 651 et
2031 619 2087 652 se
2106 602 2391 653 hortantur

404 688 631 739 invicem
658 695 718 737 ut
759 687 925 754 ligent
968 704 1109 748 eum,
1146 693 1201 736 et
1242 685 1547 748 emendent,
1574 693 1629 736 et
1653 695 2083 752 perseverantem
2120 687 2390 756 lapidibus

405 779 594 839 cogant
619 770 759 822 exire
785 771 943 822 foras,
1020 770 1276 821 Similiter
1300 769 1649 837 postmodum
1677 778 1731 820 et
1757 787 1786 818 a
1805 769 2077 837 judicibus
2098 771 2391 839 repellitur,

403 863 457 907 et
481 873 601 906 cum
627 873 794 905 unum
821 854 1058 906 inveniat
1083 853 1280 922 ubique
1305 854 1516 905 vultum
1552 861 1606 905 et
1630 854 1792 905 verba
1819 854 2027 917 similia,
2070 873 2125 906 se
2152 856 2389 926 undique

401 938 617 1007 respicit
642 947 696 990 et
723 939 1025 990 sciscitatur
1051 957 1081 989 a
1121 939 1232 989 suis
1277 938 1396 1006 quis
1424 937 1511 1000 sit,
1551 945 1606 988 et
1642 938 1786 988 unde
1813 946 1866 989 et
1897 941 2167 1007 quomodo
2205 959 2291 993 res
2330 960 2389 994 se

401 1024 610 1088 habeat,
649 1032 833 1076 contra
878 1043 1030 1075 suam
1067 1024 1288 1075 veniens
1330 1023 1550 1074 omniuo
1593 1023 1913 1074 sententiam
1959 1024 2137 1075 minus
2183 1025 2286 1076 sibi
2324 1027 2391 1078 de

402 1125 458 1159 se
485 1126 639 1175 quam
669 1108 783 1158 aliis
811 1108 1049 1159 credens.
1126 1108 1214 1158 Illi
1240 1115 1418 1158 autem
1446 1125 1567 1158 cum
1606 1107 1721 1158 aliis
1761 1127 1792 1158 a
1836 1108 2004 1160 Sceva
2050 1110 2286 1179 corrupti
2324 1129 2392 1163 ex

400 1193 561 1244 bursa
598 1194 712 1261 ejus
738 1194 1049 1261 loquuntur.
1123 1194 1218 1244 Ait
1243 1193 1405 1262 igitur
1432 1211 1495 1244 ex
1522 1194 1604 1244 luis
1631 1212 1771 1244 unus
1804 1194 1889 1245 cui
1914 1214 2113 1247 nomen
2143 1197 2390 1260 Baratus,

400 1281 436 1306 “
460 1278 712 1342 Domine,
738 1297 837 1329 nos
863 1278 939 1330 rei
958 1279 1236 1330 veritatem
1265 1278 1481 1340 scimUS,
1522 1278 1616 1328 sed
1643 1286 1704 1328 tu
1729 1278 1885 1329 nobis
1912 1290 2022 1329 tam
2049 1289 2292 1332 austerus
2332 1299 2390 1332 es

401 1371 455 1414 et
479 1371 590 1414 tam
628 1363 898 1432 hispidum
939 1364 1095 1415 nobis
1123 1364 1254 1415 dans
1277 1363 1638 1431 supercilium,
1672 1372 1735 1414 ut
1760 1383 1878 1432 quae
1904 1384 2028 1416 vera
2055 1367 2252 1418 scimus
2279 1386 2389 1435 prae

399 1448 590 1500 timore
630 1456 725 1500 tuo
775 1449 1108 1500 dissimulare
1149 1456 1410 1517 oporteat.
1486 1449 1703 1499 Mansio
1748 1458 1841 1500 tua
1884 1458 1938 1501 et
1990 1451 2177 1516 Biblis,
2229 1471 2390 1520 quam

400 1531 488 1583 hic
528 1532 738 1600 quaeriS,
778 1540 861 1584 est
901 1533 1204 1595 Ravennae3
1251 1532 1293 1583 si
1320 1532 1474 1583 vobis
1513 1550 1623 1583 non
1652 1533 1915 1601 displicet,
1956 1552 2141 1586 eamus
2183 1543 2247 1586 ut
2283 1536 2394 1589 illic

397 1617 637 1668 invenias
679 1618 823 1685 quod
859 1618 947 1669 hic
981 1626 1035 1669 te
1073 1618 1245 1669 credis
1282 1617 1537 1669 vidisse.''
1615 1618 1832 1686 Papiam
1870 1619 2032 1688 igitur
2075 1629 2296 1685 exeunt,
2337 1631 2393 1674 et

398 1710 555 1753 nocte
593 1703 764 1771 prima
799 1703 1004 1754 itineris
1031 1722 1060 1754 a
1088 1703 1198 1754 suis
1228 1703 1531 1765 derelict-us,
1557 1703 1665 1754 fere
1691 1722 1802 1773 prae
1829 1705 2034 1772 pudore
2059 1725 2183 1758 vere
2217 1708 2391 1759 factus

400 1795 483 1838 est
498 1806 714 1851 amens3
741 1789 976 1857 perditas
997 1789 1144 1840 videt
1159 1807 1377 1857 magnas
1396 1788 1675 1839 facultates
1703 1798 1895 1856 praeter
1913 1791 2051 1842 solas
2079 1809 2167 1842 eas
2194 1792 2390 1860 quibus

400 1871 680 1937 incumbit,
706 1882 948 1941 pastores
977 1892 1103 1924 suos
1131 1874 1259 1937 adit,
1299 1885 1659 1941 vacuatosque
1690 1874 1920 1925 ovilibus
1949 1877 2167 1927 mobilia
2197 1877 2392 1945 quibus

401 1955 616 2024 injicere
635 1966 814 2025 potest
839 1960 1029 2010 hamos
1056 1958 1291 2010 abducit.
1367 1958 1619 2027 Sequitur
1639 1977 1758 2009 eum
1788 1960 1982 2011 auditis
2009 1962 2318 2029 rumoribus
2339 1972 2394 2016 et

403 2041 746 2109 consequitur
790 2042 974 2105 Sceva,
1008 2043 1188 2110 ipsum
1230 2060 1409 2093 secum
1450 2043 1672 2110 ligatum
1712 2045 1863 2113 quasi
1887 2046 2058 2096 furem
2085 2047 2253 2115 copiae
2280 2066 2392 2100 suae

400 2123 637 2174 retrahit.
734 2124 912 2175 Timet
947 2124 1071 2175 Ollo
1106 2124 1332 2191 judiceS,
1372 2131 1426 2175 et
1462 2142 1572 2192 prae
1598 2125 1801 2192 pudore
1826 2135 2065 2178 venturae
2110 2129 2393 2182 derisionis

403 2224 618 2257 omnem
657 2207 864 2277 abjurat
906 2209 1086 2261 Scevae
1125 2208 1463 2260 calumniam.
1534 2209 1707 2261 Crede
1742 2210 1874 2261 mihi
1899 2229 1983 2263 res
2010 2222 2093 2266 est
2117 2213 2396 2283 ingeniosa

405 2289 583 2343 dare*

692 2406 929 2475 Eoeplz‘cit
951 2409 1213 2459 distinctio
1241 2413 1435 2474 quarta
1461 2409 1739 2475 Nuyarum
1768 2410 2080 2465 Curialium.

995 2554 1021 2581 *
1052 2555 1174 2596 Ovid.
1198 2556 1339 2595 Amor.
1362 2556 1433 2595 lib.
1452 2557 1479 2595 i.
1496 2556 1547 2596 el.
1564 2556 1646 2596 viii.
1669 2557 1695 2596 1.
1720 2557 1785 2599 62.
