2638 3860
307 378 407 429 cap.
432 378 523 427 vii.]
949 378 1025 410 DE
1070 377 1251 412 Nums
1291 377 1663 413 cURIAmUM.
2169 368 2272 415 243

279 525 383 579 tur,
410 515 476 567 ab
517 514 882 567 adulatoribus
920 515 1176 584 intellige.
1254 515 1414 567 Certe
1453 517 1543 585 qui
1583 523 1908 585 potestatem
1947 516 2150 569 habent
2185 518 2272 571 hic

279 602 476 653 rectius
525 601 750 653 venefici
792 607 1072 664 vocantur,
1115 601 1370 669 quoniam
1425 609 1481 653 et
1530 602 1808 654 inferiores
1849 602 2179 671 opprimunt,
2219 612 2274 656 et

280 686 580 755 superiores
624 687 832 749 fallunt,
877 694 939 736 ut
980 686 1107 738 hinc
1160 686 1286 738 inde
1341 686 1538 738 faciant
1577 705 1896 756 quocunque
1937 689 2098 740 modo
2142 706 2271 740 rem.

281 772 488 823 Omnes
515 780 694 824 autem
722 771 1086 840 turpitudines
1113 770 1179 822 ab
1219 771 1338 839 ipso
1379 771 1553 823 celant
1591 789 1731 841 rege,
1757 790 1824 824 ne
1850 773 2195 841 corrigantur,
2221 782 2276 826 et

278 858 457 908 minus
484 858 712 927 prosint,
738 866 794 909 et
817 856 922 926 ipsi
948 856 1320 926 corripiantur,
1339 874 1408 908 ne
1429 856 1659 909 subditis
1685 857 1884 910 obsint.
1961 859 2069 911 Hic
2094 868 2274 911 autem

282 962 376 994 rex
415 944 471 995 in
518 944 662 995 curia
703 962 799 994 sua
839 942 1030 994 marito
1077 943 1265 994 similis
1309 950 1411 1006 est,
1450 943 1541 1012 qui
1584 943 1737 995 novit
1781 944 2003 996 ultimus
2043 963 2275 997 errorem

282 1027 481 1079 uxoris.
556 1028 644 1079 Ad
686 1027 984 1078 ludendum
1028 1027 1081 1077 in
1127 1026 1317 1078 avibus
1360 1034 1414 1078 et
1453 1026 1674 1078 canibus
1714 1045 1837 1079 eum
1875 1029 2016 1080 foras
2059 1029 2276 1080 fraudu-

283 1113 454 1163 lenter
494 1112 733 1180 ejiciunt,
771 1129 840 1162 ne
879 1110 1059 1162 videat
1101 1110 1246 1179 quod
1284 1110 1351 1161 ab
1390 1110 1466 1162 eis
1509 1110 1726 1163 interim
1769 1111 1911 1164 intro
1950 1112 2028 1164 fit.
2126 1113 2276 1164 Dum

284 1196 464 1264 ipsum
489 1195 672 1247 ludere
715 1195 936 1258 faciunt,
962 1194 1068 1262 ipsi
1107 1194 1258 1245 seriis
1298 1194 1605 1259 intendunt,
1632 1195 1819 1247 rostris
1844 1196 2106 1258 insidunt,
2131 1203 2186 1249 et
2210 1197 2276 1248 ad

290 1301 453 1333 unum
481 1282 646 1333 finem
684 1282 932 1351 judicant
956 1280 1236 1349 aequitates
1263 1288 1319 1332 et
1342 1280 1399 1331 in
1424 1280 1733 1349 injustitias,
1812 1281 1952 1333 Cum
1979 1290 2156 1334 autem
2183 1301 2276 1335 rex

285 1388 316 1419 a
342 1376 541 1419 venatu
565 1367 651 1418 vel
678 1366 904 1434 aucupio
931 1366 1087 1429 redit,
1113 1366 1322 1434 praedas
1363 1383 1487 1417 suas
1531 1367 1607 1418 eis
1642 1368 1898 1431 ostendit,
1925 1376 1980 1419 et
2016 1368 2275 1436 partitur3

285 1453 390 1521 ipsi
416 1471 539 1503 suas
565 1452 614 1504 ei
639 1470 750 1503 non
776 1451 1031 1502 revelant.
1108 1450 1215 1502 Sed
1241 1467 1306 1501 ex
1337 1449 1422 1500 his
1463 1450 1607 1502 unde
1645 1450 1869 1502 laudant
1910 1452 2279 1504 strenuitatem

287 1539 402 1607 ejus
428 1539 485 1590 in
511 1546 715 1608 apert0,
742 1537 1106 1589 condemnant
1130 1553 1254 1587 eum
1280 1534 1335 1586 in
1363 1535 1592 1587 occulto.
1668 1536 1723 1587 N
1727 1536 1932 1605 unquid
1958 1536 2152 1588 mirum
2179 1545 2279 1601 est,

289 1626 333 1676 si
358 1625 560 1676 fallitur
586 1624 678 1693 qui
702 1622 1052 1675 familiaribus
1079 1621 1318 1673 abundat
1342 1621 1613 1673 inimicis?
1691 1621 1912 1673 Flaccus
1939 1621 2029 1686 ait,

775 1744 905 1783 Exilis
925 1743 1068 1782 domus
1088 1747 1151 1780 est
1166 1741 1237 1780 ubi
1257 1753 1340 1780 non
1360 1746 1401 1780 et
1419 1741 1546 1779 multa
1563 1740 1824 1792 supersunt,*

288 1842 364 1892 Et
407 1839 688 1891 dominum
738 1837 948 1900 fallunt,
993 1843 1048 1887 et
1096 1842 1327 1904 prosunt
1364 1835 1589 1887 furibus,
1686 1835 1792 1886 Hic
1837 1835 1929 1886 dat
1971 1835 2281 1905 intelligere,

289 1926 432 1995 quod
459 1943 566 1995 quo
594 1925 787 1976 domus
804 1923 973 1990 major
998 1930 1098 1985 est,
1118 1922 1221 1972 hoc
1241 1920 1407 1989 magis
1427 1920 1647 1989 periculi
1666 1938 2013 1988 personarum
2033 1930 2087 1972 et
2106 1938 2282 1972 rerum

286 2013 343 2062 in
370 2029 432 2062 ea
457 2017 715 2061 versatur.
792 2009 939 2059 Hinc
958 2007 1014 2056 in
1041 2004 1295 2074 praedicta
1319 2012 1428 2055 tam
1455 2021 1737 2054 numerosa
1758 2002 1955 2054 familia
1974 2004 2175 2055 multus
2202 2013 2285 2056 est

289 2096 556 2147 tumultus
583 2103 638 2146 et
675 2111 821 2145 error
860 2109 1019 2160 super
1062 2108 1363 2153 numerum,
1406 2089 1550 2157 quod
1591 2089 1678 2139 ille
1719 2088 1865 2140 solus
1905 2107 2030 2140 cum
2069 2097 2282 2158 tempus

287 2181 552 2250 acceperit
578 2178 802 2242 sedabit,
830 2177 920 2247 qui
947 2176 1098 2228 sedet
1124 2193 1284 2244 super
1309 2175 1564 2226 thronum
1591 2183 1646 2225 et
1665 2173 1929 2242 judicabit
1948 2173 2267 2241 justitiam.†

346 2326 369 2348 ⁵*
400 2323 546 2362 Horat.
572 2323 591 2359 l
616 2322 695 2372 Ep.
717 2321 772 2359 vi.
793 2322 861 2358 45.
1313 2315 1444 2355 fecisti
1476 2315 1674 2365 judicium
1698 2326 1834 2352 meum
1863 2317 1904 2351 et
1939 2325 2100 2351 causam
2133 2325 2278 2360 meam,

338 2393 367 2440 †
394 2392 461 2431 An
481 2390 654 2429 allusion
676 2395 717 2427 to
740 2388 842 2426 Psal.
872 2388 928 2425 ix.
953 2388 990 2424 5.
1050 2384 1255 2427 Quoniam
1311 2384 1452 2423 sedisti
1467 2395 1587 2433 super
1599 2383 1790 2421 thronum
1805 2381 1872 2432 qui
1889 2381 2048 2430 judicas
2066 2381 2278 2431 justitiam.

1195 3015 1367 3049 FINIS.
