2638 3860
334 334 435 386 Cap.
458 333 526 384 ii.]
900 328 978 362 DE
1009 326 1193 362 Nums
1226 325 1601 362 cun1AmUM.
2189 310 2287 357 141

281 481 523 527 conatus.
602 468 908 522 Horrebam
947 469 1091 521 enim
1124 469 1268 539 quod
1295 470 1536 539 agebam,
1573 469 1816 523 luctabar
1860 467 2104 522 evincere
2149 467 2295 536 quod

276 559 584 628 nequibam.
662 555 804 608 Cum
840 555 986 607 enim
1024 554 1090 606 ab
1119 555 1371 607 omnibus
1399 556 1539 608 curis
1567 556 1677 608 sint
1705 556 1886 607 Musae
1912 555 2128 624 refugae,
2166 572 2296 606 nos-

280 655 419 698 tram
448 661 609 714 super
635 660 824 695 omnes
851 641 1248 711 abjuraverunt,
1293 642 1416 711 quia
1459 660 1680 711 prorsus
1725 641 1791 694 ab
1837 642 1913 695 eis
1958 660 2200 694 aversam
2242 649 2298 693 et

277 735 438 802 longe
471 731 596 801 plus
623 728 739 780 aliis
767 728 1064 791 adversam,
1105 727 1232 796 quia
1255 727 1469 780 vexatio
1495 736 1708 780 tantum
1750 727 1945 798 quietis
1986 727 2298 797 interpolari

277 839 389 872 non
416 816 723 889 patiebatur
748 821 811 866 ut
836 814 905 866 ad
933 832 1187 866 somnum
1215 814 1501 880 sufficeret,
1527 815 1730 867 nedum
1758 816 1826 867 ad
1852 814 2111 867 studium.
2190 813 2298 866 Co-

280 905 473 976 gebam
500 922 588 956 eas
616 909 672 954 et
695 899 1117 970 indignabantur
1136 921 1151 964 3
1177 908 1550 953 verumtamen
1571 901 1754 953 audita
1772 908 1946 954 morte
1967 900 2173 953 domini
2193 900 2301 953 mei

285 990 534 1061 praedicti
559 987 698 1057 regis
724 994 852 1056 post
877 986 1158 1038 biennium
1185 987 1532 1056 exequiarum
1558 987 1863 1039 exinanitus
1898 987 2205 1058 lachrymiS,
2231 987 2300 1039 ad

284 1077 470 1147 puteal
506 1091 736 1142 exsurgo
776 1072 987 1124 lucrum
1036 1071 1414 1138 inestimabile,
1440 1091 1587 1125 nunc
1624 1073 1801 1142 primo
1839 1073 2029 1126 videns
2080 1074 2226 1144 quod
2270 1093 2301 1126 a

285 1163 431 1216 curia
455 1161 592 1212 liber
618 1178 758 1222 sum,
784 1158 930 1210 unde
955 1157 1224 1226 relegatus
1253 1158 1433 1227 quiete
1473 1177 1615 1212 nova
1654 1159 1894 1229 percipio
1922 1178 2083 1229 quam
2109 1159 2302 1212 misere

286 1248 478 1301 fuerim
541 1245 619 1297 ibi
668 1244 943 1313 religatus,
1021 1243 1220 1297 Quiete
1268 1244 1388 1297 dico
1438 1252 1583 1298 recte
1634 1245 1871 1315 quidem,
1923 1246 1969 1298 si
2019 1245 2170 1315 quies
2221 1252 2306 1297 est

290 1334 450 1388 certis
492 1331 706 1385 indiciis
753 1347 1043 1399 agnoscere
1069 1330 1416 1383 tenebrarum
1451 1331 1867 1397 absolutionem,
1885 1339 1940 1385 et
1958 1332 2306 1402 permittente

292 1420 552 1483 DominO,
580 1418 672 1488 qui
697 1418 839 1469 foras
876 1435 1000 1468 eum
1040 1417 1108 1468 ad
1147 1417 1362 1470 vincula
1387 1418 1553 1483 misit,
1578 1436 1804 1488 regnum
1841 1418 2013 1488 ipsius
2053 1418 2306 1471 omnibus

291 1505 555 1559 dominari
582 1504 693 1556 dati
725 1521 932 1568 sumUS,
959 1503 1037 1554 illi
1077 1503 1164 1556 cui
1204 1505 1369 1557 cessit
1407 1505 1651 1570 facultaS,
1679 1512 1734 1557 et
1777 1523 1899 1557 caro
1926 1504 2066 1557 beati
2096 1505 2134 1558 J
2137 1505 2226 1570 ob,
2252 1514 2309 1558 et

297 1601 450 1646 tanto
483 1591 762 1643 saeviorem
803 1608 928 1641 eum
974 1590 1239 1642 sentimus
1278 1598 1334 1643 et
1358 1610 1459 1643 nos
1496 1592 1564 1643 ad
1597 1591 1878 1644 victoriam
1907 1591 2308 1661 impromtiores

294 1686 495 1748 quanto
531 1695 719 1729 sumus
747 1695 777 1727 a
802 1675 1064 1744 patientia
1098 1676 1436 1728 remotiores.
1514 1677 1796 1730 Scrutatur
1822 1684 1878 1729 et
1903 1677 2097 1730 evertit
2123 1677 2310 1730 orbem

294 1765 548 1834 antiquus
585 1763 675 1815 ille
719 1762 946 1826 dierum,
974 1762 1220 1814 omnium
1265 1763 1427 1816 corda
1471 1763 1720 1834 possidet
1756 1771 1812 1816 et
1846 1762 2078 1816 obtentu
2121 1764 2314 1816 mundi

290 1850 548 1921 gloriatur
566 1870 582 1914 3
627 1848 1006 1918 praevaricator
1033 1866 1256 1918 serpens
1305 1849 1464 1919 spiris
1504 1849 1687 1901 omnia
1727 1849 1911 1919 cingit,
1939 1857 2033 1901 aut
2059 1850 2196 1901 nihil
2221 1859 2315 1903 aut

295 1936 569 1989 modicum
610 1943 761 1987 extra
779 1934 1029 1987 relictum
1050 1942 1150 1987 est.
1228 1935 1456 1987 Dudum
1476 1955 1506 1987 a
1530 1935 1711 2004 pravis
1735 1935 2076 1988 exactoribus
2112 1936 2317 1990 fiebant

298 2023 612 2092 iniquitates
641 2021 742 2073 sub
771 2021 999 2089 alicujus
1027 2040 1201 2074 causae
1233 2029 1522 2091 praetextU,
1550 2022 1742 2074 saltem
1767 2029 1830 2073 ut
1854 2022 2031 2092 aliqua
2070 2023 2318 2076 similitu-

300 2109 425 2159 dine
446 2107 672 2176 justitiae
707 2107 955 2159 velamen
993 2106 1219 2159 haberet
1255 2108 1513 2178 nequitia.
1589 2109 1754 2160 Nunc
1794 2116 1977 2161 autem
2021 2116 2075 2162 et
2107 2111 2320 2179 justitia

303 2194 479 2264 periit,
514 2201 569 2245 et
608 2193 771 2246 facies
817 2193 934 2261 ejus
975 2211 1088 2245 non
1129 2193 1446 2263 requiretur.
1523 2195 1703 2246 Immo
1729 2213 1860 2265 pace
1900 2197 2076 2248 deleta
2100 2197 2319 2266 penitus

307 2286 524 2349 apertus
552 2285 636 2330 est
659 2277 714 2328 in
743 2277 930 2346 rapina
957 2277 1122 2341 furor,
1150 2286 1205 2329 et
1229 2286 1341 2329 tam
1368 2278 1639 2331 obstinate
1669 2280 1820 2331 frons
1848 2280 2025 2332 omnis
2060 2280 2319 2348 induruit,

300 2375 355 2418 et
387 2365 565 2434 pudor
591 2371 646 2415 et
682 2363 983 2415 reverentia
1009 2363 1144 2415 nihil
1184 2363 1327 2423 sint„
1386 2364 1512 2416 Jam
1545 2382 1707 2416 nemo
1733 2365 1896 2416 laesus
1936 2367 2192 2434 quaeritur
2225 2377 2320 2421 aut

307 2468 542 2521 quaerere
567 2456 752 2519 potest
778 2467 872 2501 cur
896 2449 1018 2513 hoc,
1046 2449 1169 2518 quia
1194 2450 1330 2502 ratio
1352 2469 1622 2519 nusquam
1648 2458 1749 2515 est,
1762 2459 1825 2503 -et
1849 2470 2011 2504 nemo
2027 2455 2321 2522 respondet

307 2537 375 2588 ad
400 2537 520 2588 hoc.
578 2536 654 2587 Et
681 2534 813 2586 mihi
847 2553 993 2587 nunc
1017 2535 1193 2604 primo
1220 2535 1429 2604 placere
1456 2543 1639 2604 potest
1663 2536 1865 2604 puteal,
1891 2536 2015 2606 quia
2041 2555 2164 2590 cum
2191 2539 2320 2593 orbe

308 2630 530 2674 mutatae
573 2629 702 2673 sunt
742 2639 931 2686 musae,
966 2629 1021 2673 et
1052 2622 1166 2691 jam
1206 2640 1318 2673 non
1357 2629 1574 2691 oportet
1611 2621 1678 2673 ab
1717 2622 1886 2674 antris
1931 2641 2115 2675 earum
2154 2625 2321 2695 loqui,

309 2729 409 2762 nec
434 2710 491 2760 in
517 2708 715 2778 regulis
742 2708 938 2760 artium
965 2708 1172 2761 arctari.
1238 2708 1520 2762 Quidlibet
1540 2716 1602 2760 ut
1627 2708 1760 2761 libet
1786 2709 2011 2778 agimUS‚
2033 2719 2087 2763 et
2111 2730 2223 2763 non
2240 2721 2325 2766 est

312 2795 586 2847 distinctio
607 2794 822 2846 virtutis
843 2802 899 2846 et
912 2794 1047 2846 vitii.
1086 2794 1294 2846 Redeat
1314 2793 1471 2859 Cato,
1492 2802 1792 2847 revertatur
1808 2796 2008 2860 Numa,
2030 2796 2183 2848 Fabii
2202 2799 2324 2850 red-

316 2882 531 2945 dantur,
559 2888 614 2932 et
639 2888 959 2932 revocentur
986 2880 1154 2945 Curii,
1181 2880 1315 2932 fiant
1338 2880 1563 2933 redivivi
1591 2882 1848 2946 RusoreS,
1874 2882 1931 2932 id
1968 2890 2154 2951 agetur
2178 2886 2325 2952 quod

314 2968 503 3036 agitur.
579 2966 724 3017 Nam
773 2966 869 3017 ubi
912 2966 1049 3018 nihil
1082 2967 1454 3031 humanitatis,
1492 2986 1604 3019 non
1642 2975 1827 3019 utetur
1866 2968 2127 3037 sapientia
2169 2969 2325 3035 Cato,

319 3055 504 3106 Numa
542 3051 772 3121 justitia,
801 3052 1000 3103 Fabius
1040 3052 1368 3117 innocentia,
1396 3053 1649 3105 comitate
1678 3053 1892 3119 CuriuS,
1918 3054 2118 3123 pietate
2155 3056 2328 3121 Rus0,

319 3157 443 3191 cum
483 3137 618 3188 nihil
654 3155 841 3189 eorum
881 3137 1025 3188 unde
1062 3136 1194 3188 boni
1234 3136 1470 3202 fuerunt,
1506 3137 1760 3189 nimirum
1806 3138 2009 3207 stupidi
2048 3147 2190 3191 sunt.
2270 3142 2329 3194 Si

321 3225 617 3288 Neronem,
663 3222 708 3274 si
746 3222 1025 3285 Vitellum,
1069 3221 1114 3272 si
1161 3221 1461 3273 Catalinam
1497 3222 1742 3287 susciteS,
1796 3241 1852 3274 se
1897 3224 2230 3293 reperientur
2271 3227 2329 3279 in

324 3329 532 3363 amores
574 3309 853 3379 plurimos.
931 3307 989 3360 Si
1025 3308 1358 3360 Mamertum
1397 3309 1703 3361 amantibus
1738 3310 1956 3375 excites,
1982 3311 2117 3362 nihil
2150 3313 2218 3364 ad
2248 3320 2332 3366 tot

329 3395 553 3447 Rufinas
588 3394 786 3446 facient
823 3392 1054 3445 Helicon
1091 3400 1145 3444 et
1185 3391 1389 3445 Pierus.
1467 3394 1716 3446 Dormiat
1754 3413 1878 3463 ergo
1923 3414 2045 3447 cum
2089 3397 2331 3451 Homero
