2638 3860
1383 395 1451 440 68
2094 399 2292 451 [Distine.
2317 397 2376 438 11.

1055 793 1451 853 GUALTERI
1490 788 1748 845 MAPES

657 973 817 1049 DE
895 962 1294 1044 NUGIS
1376 959 2156 1050 CURIALIUM,

1008 1149 1415 1203 DISTINCTIO
1455 1149 1578 1198 SEC
1589 1148 1802 1197 UNDA.

435 1492 443 1497 ’
482 1475 785 1525 erromA
811 1470 984 1524 carnis
1010 1476 1094 1522 est
1117 1468 1372 1520 adversus
1399 1466 1545 1536 quod
1571 1482 1689 1534 quae
1709 1461 1816 1515 Dei
1836 1466 1965 1514 sunt
1989 1458 2170 1511 minus
2190 1453 2399 1525 appetit

410 1559 595 1622 homo,
621 1574 738 1626 quae
764 1555 953 1608 mundi
986 1554 1235 1606 maxime.
1310 1552 1470 1604 Ratio
1495 1568 1623 1603 vero
1667 1567 1790 1601 cum
1816 1552 2049 1608 tenetur,
2086 1541 2280 1594 animae
2306 1539 2399 1592 tri-

409 1643 645 1712 umphus
661 1649 761 1705 est,
780 1640 957 1692 reddit
972 1658 1090 1708 quae
1109 1638 1336 1691 Caesaris
1357 1636 1570 1701 Caesari,
1588 1634 1694 1687 Dei
1710 1651 1827 1703 quae
1847 1632 1988 1684 Deo,
2017 1629 2146 1681 Duo
2162 1623 2399 1696 praemisi

408 1727 515 1779 Dei
554 1724 968 1777 misericordiam
994 1731 1049 1776 et
1081 1723 1345 1793 judicium
1379 1721 1728 1784 continentia,
1755 1737 1874 1788 quae
1916 1735 2028 1768 non
2070 1714 2246 1766 solum
2284 1730 2397 1764 non

411 1812 692 1874 delectant,
719 1810 812 1861 sed
837 1809 1043 1861 tediosa
1069 1816 1213 1873 sunt,
1248 1817 1303 1862 et
1328 1814 1677 1877 expectantur
1704 1804 1843 1856 sicut
1861 1807 2187 1871 expetuntur
2201 1796 2396 1849 fabulae

407 1903 704 1964 poetarum,
721 1895 807 1946 vel
827 1912 1008 1946 earum
1027 1894 1244 1946 similes·
1298 1894 1634 1945 Differantur
1652 1898 1851 1952 tamen,
1879 1886 1924 1938 si
1943 1904 2055 1938 non
2071 1885 2397 1946 auferantur,

410 1987 466 2031 et
491 1997 609 2048 quae
636 1978 834 2030 scimus
860 1985 954 2030 aut
978 1978 1243 2030 credimus
1269 1978 1585 2029 miraculum
1604 1973 2013 2045 praemittamuS.

821 2118 908 2171 De
939 2118 1193 2188 Greyorio
1220 2123 1465 2172 monacho
1496 2117 1847 2171 Gloucestrz'ce.
1919 2112 1975 2165 ii.

482 2228 800 2298 Gregorium
837 2228 1187 2281 Gloucestriae
1230 2230 1554 2282 monachum
1598 2225 1723 2286 vidi,
1762 2224 1936 2277 virum
1960 2226 2074 2295 jam
2101 2241 2303 2288 senem,
2341 2230 2397 2275 et

408 2332 530 2366 cum
556 2314 625 2365 sit
649 2313 765 2382 ipsa
791 2321 1036 2366 senectus
1062 2314 1363 2378 infirmitaS,
1401 2313 1586 2366 multis
1621 2311 1878 2363 afflictum
1915 2310 2032 2363 aliis
2069 2308 2397 2379 aegritudini-

407 2399 540 2451 bus:
593 2398 887 2450 calculosus
929 2406 1042 2450 erat
1078 2406 1133 2451 et
1165 2399 1442 2451 fistulosus
1482 2397 1629 2450 tibiis
1669 2404 1725 2449 et
1764 2396 2025 2461 cruribuS,
2066 2413 2278 2465 semper
2315 2402 2396 2447 ta-

408 2502 533 2536 men
560 2491 614 2535 et
639 2483 851 2534 assidue
880 2483 1168 2552 jocunduS,
1207 2492 1262 2536 et
1295 2502 1418 2536 cum
1455 2502 1565 2535 non
1601 2489 1863 2534 cessasset
1897 2480 2208 2534 valitudinis
2233 2480 2398 2532 infes-

407 2569 557 2632 tatio,
583 2587 693 2620 non
714 2568 957 2620 cessabat
975 2587 1005 2619 a
1024 2569 1261 2636 psalmis,
1338 2569 1396 2621 Si
1422 2568 1635 2637 quando
1651 2574 1780 2635 post
1799 2567 1989 2635 longos
2014 2565 2224 2617 labores
2251 2583 2394 2616 som-

408 2672 511 2705 nus
535 2654 748 2722 irrepsit
774 2653 992 2717 dulcior,
1028 2654 1118 2704 illa
1145 2672 1200 2706 se
1228 2653 1438 2706 dicebat
1460 2654 1593 2704 hora
1623 2651 1934 2703 derelictum
1969 2670 1999 2702 a
2037 2650 2276 2702 Domino
2302 2657 2396 2701 aut

412 2738 668 2790 oblivioni
688 2738 929 2789 deditum
952 2759 967 2802 3
1012 2745 1066 2789 et
1092 2756 1214 2789 cum
1234 2738 1447 2807 gravius
1463 2736 1768 2806 urgebatur,
1785 2743 1958 2804 grates
1978 2735 2196 2788 uberius
2222 2736 2397 2787 effun-

411 2822 568 2874 debat
592 2823 869 2886 altissimo,
896 2821 1046 2891 quasi
1072 2841 1194 2874 cum
1219 2822 1377 2874 beato
1405 2823 1605 2874 diceret
1629 2819 1957 2888 Augustino,
1992 2822 2026 2849 “
2045 2820 2134 2872 hic
2163 2837 2275 2884 ure,
2305 2818 2394 2871 hic

409 2907 558 2975 puni,
585 2915 638 2959 et
663 2926 731 2959 ne
755 2907 812 2958 in
848 2908 1026 2959 furore
1051 2914 1147 2958 tuo
1173 2924 1359 2975 arguas
1398 2905 1539 2957 me.''
1615 2903 1738 2957 Suis
1776 2922 1863 2956 me
1897 2905 2395 2956 commendaveram

413 2991 739 3043 orationibus
765 3010 886 3043 cum
911 2991 1086 3060 primo
1112 2991 1467 3054 transfretavi,
1505 2997 1561 3042 et
1597 3008 1721 3042 cum
1756 2988 2072 3043 invaluisset
2096 2997 2393 3059 tempestas

412 3088 475 3131 ut
497 3099 649 3148 paene
674 3081 824 3133 navis
863 3081 1158 3150 operiretur
1182 3082 1456 3146 fluctibus,
1481 3081 1537 3132 in
1564 3081 1789 3133 aliorum
1816 3076 2186 3148 desperatione
2211 3073 2391 3126 certis-

417 3163 548 3214 sima
581 3165 646 3216 de
670 3165 810 3216 illius
837 3156 1156 3236 praesumpsi
1189 3167 1393 3219 meritis
1434 3166 1521 3219 cui
1554 3184 1640 3218 me
1675 3163 2192 3224 commendaveram,
2226 3175 2393 3227 eaque

418 3247 698 3300 devotione
724 3267 825 3317 qua
861 3250 1107 3318 periturae
1147 3252 1298 3303 navis
1328 3250 1685 3320 periculantes
1719 3249 1954 3301 assolent
1978 3244 2278 3298 Dominum
2304 3241 2397 3292 de-

418 3337 662 3398 precatus
703 3350 840 3397 sum,
877 3335 1127 3402 quatinus
1165 3354 1261 3388 sua
1297 3334 1660 3390 misericordia
1698 3342 1753 3388 et
1793 3333 1935 3386 illius
1974 3329 2105 3384 boni
2150 3325 2395 3396 Gregorii
