2638 3860
340 358 409 405 32
979 398 989 406 ,.
1054 368 1364 404 GUAL'rEm
1404 366 1605 403 MAPES
2042 361 2241 412 [Distinc.
2264 359 2299 398 Ι.

340 494 622 564 quicquam
648 492 980 546 certitudinis
1007 491 1179 544 dicere
1204 492 1384 561 potuit
1398 512 1414 557 3
1456 495 1705 543 asserunt
1729 495 1783 540 et
1808 486 2051 556 armigeri
2077 486 2156 538 tui
2182 483 2328 553 quod

341 580 500 631 armis
527 579 635 630 tuis
661 597 691 630 a
716 587 769 630 te
794 578 1020 646 receptis
1047 576 1113 628 ab
1140 578 1308 629 oculis
1335 595 1521 629 eorum
1547 574 1776 629 evanisti
1802 591 1925 625 cum
1950 590 2087 641 equo
2114 579 2227 622 tuo.
2267 568 2327 621 Si

339 681 466 716 vero
492 664 641 732 cupis
667 663 847 714 audire
873 662 1013 730 quod
1042 661 1106 713 de
1132 668 1186 712 te
1223 662 1518 730 loquuntur
1555 659 1614 710 in
1649 658 1753 722 via,
1799 656 2046 708 demissis
2085 655 2326 708 vultibus

339 747 668 798 audiamuS.’'
741 747 793 797 A
831 744 1235 797 transeuntibus
1277 744 1441 813 igitur
1478 760 1632 795 secus
1659 759 1752 793 eos
1796 739 2082 791 audierunt
2122 739 2326 790 Hame-

337 830 430 881 rici
449 830 711 899 praeconia
725 847 820 898 per
841 830 1078 898 singulos
1098 838 1152 881 et
1167 847 1387 898 magnas
1406 828 1592 879 laudes
1611 823 1847 877 hominis
1867 841 1964 892 per
1981 822 2326 874 timiditatem

339 913 488 982 prius
513 914 769 965 infamati.
846 915 1079 965 Miratur
1104 915 1238 982 ipse,
1263 913 1463 964 nullius
1489 909 1668 963 meriti
1693 906 2076 961 conscientiam
2100 906 2326 971 habenS,

337 1007 392 1050 et
409 998 500 1050 vix
515 998 731 1049 tandem
757 998 986 1049 advertit
1005 998 1149 1066 quod
1175 997 1224 1049 ei
1250 997 1651 1065 dispensaverat
1669 992 1940 1045 Dominus
1960 991 2235 1056 vicarium,
2255 1009 2325 1043 ne

334 1084 561 1151 gaudere
580 1083 708 1135 socii
720 1083 801 1134 sui
814 1091 1038 1152 possent
1048 1084 1112 1134 de
1125 1083 1287 1134 missa
1299 1083 1568 1151 despecta,
1576 1079 1786 1148 velipse
1796 1077 1973 1129 dolere
1987 1077 2053 1127 de
2065 1083 2324 1145 respecta,

339 1167 589 1236 deditque
616 1185 672 1218 se
698 1185 821 1219 cum
848 1167 1098 1219 omnibus
1125 1184 1242 1236 quae
1279 1166 1592 1235 possederat
1628 1164 1749 1214 Deo
1781 1161 2071 1229 domuique
2097 1161 2324 1230 templa-

336 1251 494 1315 rium,
512 1259 565 1304 et
583 1252 736 1303 auxit
760 1270 851 1304 eos
877 1252 1125 1317 multum,
1150 1259 1213 1303 ut
1239 1251 1447 1303 dicitur.
1522 1247 1876 1301 Postmodum
1899 1253 2080 1297 autem
2100 1264 2249 1315 reges
2270 1254 2325 1299 et

335 1335 603 1405 principes
630 1335 832 1404 opinati
859 1343 986 1387 sunt
1009 1335 1349 1405 propositum
1375 1352 1561 1387 eorum
1586 1334 1793 1385 bonum
1819 1339 1875 1383 et
1916 1331 2084 1383 vitam
2127 1331 2325 1382 hones-

335 1427 465 1485 tam,
475 1428 530 1472 et
544 1420 849 1472 interventu
864 1438 1123 1490 paparum
1140 1426 1194 1471 et
1209 1419 1630 1488 patriarcharum
1646 1435 1737 1469 eos
1756 1415 1906 1485 quasi
1925 1415 2325 1467 Christianismi

337 1505 642 1557 defensores
666 1506 1080 1568 honoraverunt,
1106 1512 1161 1557 et
1186 1505 1353 1574 copiis
1373 1504 1597 1555 infinitis
1619 1508 1992 1555 oneraverunt.
2035 1501 2073 1553 J
2076 1519 2162 1551 am
2179 1501 2325 1569 quod

334 1589 510 1657 placet
532 1597 762 1658 possunt
787 1597 841 1641 et
865 1590 1008 1658 quod
1024 1590 1278 1641 affectant
1303 1594 1678 1656 assequuntur.
1716 1586 2002 1653 Nusquam
2028 1593 2195 1653 egunt
2219 1585 2325 1636 nisi

336 1673 374 1725 J
376 1673 702 1737 erosolimis3
741 1672 817 1724 ibi
840 1672 1075 1741 gladium
1101 1671 1370 1741 accipiunt
1394 1672 1450 1725 in
1476 1671 1702 1724 tutelam
1736 1668 2150 1734 Christianismi,
2178 1668 2325 1738 quod

337 1758 496 1809 Petro
521 1757 852 1827 prohibitum
878 1765 960 1809 est
983 1757 1039 1808 in
1068 1756 1432 1809 defensionem
1462 1755 1716 1808 chrisa*
1790 1755 1982 1806 Petrus
2025 1753 2100 1805 ibi
2139 1754 2325 1806 didicit

336 1860 523 1910 pacem
550 1860 781 1911 quaerere
806 1842 1099 1910 patientia3
1137 1842 1319 1894 nescio
1346 1841 1464 1910 quis
1489 1842 1590 1893 hos
1619 1839 1802 1892 docuit
1839 1843 2067 1908 pacem†
2110 1839 2322 1892 vincere

336 1925 602 1977 violentia.
680 1925 934 1976 Gladium
960 1925 1245 1993 accipiunt,
1272 1933 1326 1977 et
1349 1926 1524 1994 gladio
1561 1931 1805 1994 pereunt.
1880 1924 2088 1975 Dicunt
2121 1931 2322 1986 tamen,

338 2026 524 2060 omnes
549 2010 691 2078 leges
730 2017 784 2061 et
823 2009 1002 2060 omnia
1020 2010 1142 2077 jura
1178 2009 1291 2061 vim
1316 2010 1371 2061 vi
1407 2009 1662 2078 repellere
1702 2006 2041 2077 permittunt.
2115 2007 2192 2059 At
2233 2007 2322 2059 ille

334 2089 506 2158 legem
549 2092 686 2142 hanc
727 2090 920 2154 renuit,
962 2090 1053 2159 qui
1093 2091 1251 2142 Petro
1291 2090 1624 2158 percutiente
1666 2090 1967 2159 legionibus
2011 2092 2321 2161 angelorum

334 2173 593 2243 imperare
626 2175 814 2227 noluit.
886 2174 1112 2226 Videtur
1137 2181 1317 2226 autem
1343 2175 1487 2243 quod
1511 2174 1616 2243 ipsi
1658 2182 1865 2243 partem
1910 2176 2170 2245 optimam
2209 2195 2322 2229 non

335 2258 624 2327 elegerunt,
650 2277 772 2310 cum
798 2258 898 2311 sub
925 2276 1109 2311 eorum
1134 2259 1466 2328 protectione
1492 2259 1664 2311 nostri
1691 2278 1901 2330 semper
1925 2261 2060 2314 fines
2100 2261 2158 2313 in
2200 2279 2322 2331 par-

335 2340 479 2393 tibus
504 2341 607 2393 illis
633 2350 904 2395 arctentur
929 2350 984 2394 et
1009 2342 1299 2395 dilatentur
1323 2343 1595 2408 hostium3
1636 2344 1694 2395 in
1731 2345 1898 2398 verbo
1940 2346 2167 2398 Domini
2193 2365 2322 2398 con-

335 2425 624 2494 quisierant
655 2428 902 2496 apostoli,
938 2446 1050 2479 non
1073 2427 1130 2479 in
1157 2445 1247 2480 ore
1275 2428 1454 2497 gladii,
1490 2429 1893 2496 Dammascum,
1920 2431 2320 2497 Alexandriam,

331 2528 681 2580 magnamque
706 2512 894 2564 mundi
917 2519 1125 2582 partem
1151 2530 1310 2581 quam
1336 2511 1542 2581 gladius
1570 2513 1765 2567 amisit.
1839 2515 2021 2568 David
2046 2524 2227 2569 autem
2253 2517 2321 2568 ad

334 2594 528 2648 Goliad
553 2596 845 2666 egredienS,
870 2597 944 2649 ait
961 2600 1008 2664 :‡
1049 2601 1087 2627 “
1103 2598 1188 2649 Tu
1211 2597 1362 2650 venis
1389 2598 1457 2649 ad
1481 2617 1566 2650 me
1593 2617 1716 2651 cum
1741 2600 1920 2665 armiS,
1958 2608 2014 2652 et
2038 2619 2135 2670 ego
2161 2601 2319 2653 venio

332 2679 401 2730 ad
424 2686 478 2732 te
501 2679 557 2732 in
582 2681 800 2734 nomine
825 2681 1066 2746 Domini,
1092 2688 1156 2733 ut
1196 2681 1446 2733 universa
1490 2681 1624 2733 sciat
1661 2683 1883 2735 ecclesia
1923 2685 2068 2753 quod
2108 2703 2219 2737 non
2261 2686 2319 2737 in

330 2764 503 2832 gladio
525 2767 692 2819 salvat
707 2767 1031 2819 DominUS.’'
1092 2766 1269 2818 Nemo
1287 2784 1428 2818 sanae
1448 2767 1645 2818 mentis
1665 2767 1904 2837 ambigit,
1921 2770 2048 2838 quin
2069 2770 2319 2822 ordinum

332 2848 696 2904 institutiones
722 2852 788 2905 de
813 2851 961 2905 fonte
986 2850 1130 2904 bona
1157 2868 1366 2920 semper
1407 2851 1540 2904 serie
1582 2861 1977 2922 processerunt,
2015 2855 2318 2908 humilitate

390 3018 413 3040 ¹*
443 3016 596 3057 Matth.
615 3018 724 3057 xxvi.
745 3020 812 3057 51.
860 3018 887 3058 J
891 3030 984 3057 oan.
1005 3018 1117 3057 xviii.
1150 3021 1214 3057 10.
1352 3018 1472 3058 venio
1491 3019 1542 3057 ad
1560 3022 1602 3058 te
1620 3019 1665 3058 in
1682 3020 1846 3060 nomine
1865 3021 2031 3060 Domini
2048 3023 2318 3062 exercituum.

388 3082 417 3129 †
441 3083 542 3123 This
562 3086 670 3124 word
688 3085 723 3124 is
740 3085 954 3125 indistinct
971 3085 1014 3124 in
1033 3085 1104 3124 the
1122 3085 1215 3125 MS.
1355 3113 1367 3124 .
1400 3114 1411 3125 .
1442 3115 1453 3126 .
1484 3087 1542 3126 Et
1573 3087 1732 3126 noverit
1776 3087 1967 3128 universa
2003 3090 2174 3129 ecclesia
2209 3090 2314 3137 haec,

390 3147 416 3195 ἶ
447 3152 466 3187 1
490 3149 592 3201 Reg.
612 3150 710 3192 xvii.
746 3155 814 3200 45,
845 3153 914 3192 46.
973 3155 1002 3175 “
1017 3153 1134 3192 Dixit
1163 3157 1298 3192 autem
1353 3153 1448 3204 quia
1466 3166 1551 3193 non
1568 3154 1613 3193 in
1630 3154 1763 3205 gladio
1781 3168 1858 3195 nec
1875 3156 1919 3195 in
1937 3156 2057 3196 hasta
2074 3156 2204 3196 salvat
2227 3157 2315 3195 Do-

343 3213 476 3254 David
494 3216 546 3254 ad
573 3217 883 3260 Philisthaeum:
913 3220 978 3260 Tu
1006 3220 1122 3260 venis
1154 3220 1206 3260 ad
1234 3233 1299 3260 me
1353 3221 1514 3262 minus:
1544 3222 1673 3274 ipsius
1694 3222 1804 3262 enim
1823 3227 1887 3263 est
1912 3223 2082 3272 bellum,
2110 3226 2152 3263 et
2183 3223 2317 3264 tradet

342 3293 440 3320 cum
457 3281 590 3332 gladio
610 3288 651 3324 et
669 3285 787 3326 hasta
803 3290 845 3326 et
871 3287 1038 3338 clypeo:
1069 3300 1144 3339 ego
1162 3291 1299 3328 autem
1353 3300 1426 3328 vos
1441 3289 1486 3329 in
1503 3301 1650 3330 manus
1667 3289 1872 3331 nostras.’'
