2638 3860
371 404 473 450 216
1074 415 1385 450 GUALTERI
1428 412 1628 448 MAPEs
2061 410 2257 461 [Distinc.
2280 410 2332 449 V.

370 554 638 606 Dominus
664 562 839 606 autem
863 562 1006 617 tuUS,
1033 572 1126 605 rex
1151 553 1376 622 Angliae,
1415 552 1501 604 cui
1526 550 1660 602 nihil
1686 550 1854 614 deest,
1879 548 2144 613 homineS,
2171 565 2358 618 eqUOS,

370 657 553 690 aurum
600 646 654 690 et
691 639 933 701 sericum,
971 656 1207 706 gemmas
1235 644 1289 688 et
1314 638 1519 688 fructus
1546 642 1601 686 et
1625 634 1762 685 feras
1801 639 1856 684 et
1881 632 2061 684 omnia
2096 633 2356 702 possidet.

369 724 484 774 Nos
512 722 563 771 in
593 721 813 772 Francia
836 722 970 772 nihil
995 720 1256 772 habemus
1286 719 1392 771 nisi
1431 736 1626 788 panem
1664 724 1719 768 et
1744 716 1932 769 vinum
1958 722 2013 767 et
2046 716 2356 784 gaudium.”

369 807 490 858 Hoc
515 805 735 857 verbum
773 806 974 870 notavi,
1013 806 1135 875 quia
1169 805 1392 857 comiter
1429 813 1484 856 et
1508 822 1631 855 vere
1659 802 1881 854 dictum.
1960 799 2186 853 Circiter
2222 801 2356 853 illud

364 898 577 959 tempus
611 909 732 942 cum
759 891 826 941 ad
852 890 1136 942 concilium
1164 891 1351 941 Romae
1379 887 1479 940 sub
1522 887 1828 938 Alexandro
1853 904 1992 954 papa
2033 885 2192 937 tertio
2220 887 2356 939 cele-

361 974 622 1025 brandum
662 982 931 1043 praecepto
972 973 1175 1027 domini
1219 973 1356 1041 regis
1383 972 1591 1041 Angliae
1626 971 1953 1033 festinarem,
1993 970 2229 1039 suscepit
2267 989 2352 1023 me

361 1059 597 1127 hospitio
648 1079 827 1112 comes
875 1060 1202 1128 Campaniae,
1246 1050 1517 1111 Henricus
1561 1058 1703 1109 filius
1747 1055 2058 1120 Teobaldi,³¹<
2109 1055 2351 1108 omnium

359 1144 706 1212 largissimus,
743 1146 818 1196 ita
843 1154 904 1197 ut
929 1146 1112 1197 multis
1150 1145 1404 1214 prodigus
1430 1144 1718 1207 videretur,
1765 1142 1914 1194 omni
1957 1142 2102 1194 enim
2144 1141 2353 1210 petenti

359 1229 626 1281 tribuebat
640 1251 654 1295 3
690 1238 744 1282 et
768 1230 906 1281 inter
931 1230 1339 1298 colloquendum
1367 1228 1619 1280 laudabat
1646 1227 2001 1297 Reginaldum
2028 1227 2093 1278 de
2121 1227 2352 1287 Muzun,

358 1322 608 1382 nepotem
638 1332 812 1378 suum,
832 1315 887 1365 in
906 1314 1155 1366 omnibus
1182 1320 1406 1382 excepto
1433 1314 1577 1382 quod
1605 1331 1765 1382 supra
1784 1312 2006 1363 modum
2022 1313 2197 1380 largus
2220 1319 2349 1363 erat.

359 1399 477 1467 Ego
502 1417 627 1450 vero
656 1400 827 1450 sciens
853 1399 1032 1468 ipsum
1054 1399 1304 1451 comitem
1330 1405 1441 1449 tam
1466 1398 1672 1466 largum
1699 1404 1760 1448 ut
1785 1397 2041 1466 prodigus
2060 1396 2348 1460 videretur,

359 1482 639 1535 subridens
661 1483 880 1551 quaesivi
902 1483 946 1534 si
968 1483 1125 1535 sciret
1140 1483 1255 1552 ipse
1271 1482 1530 1534 terminos
1549 1481 1825 1549 largitatiS.
1867 1480 2186 1549 Respondit,
2196 1480 2347 1532 “Ubi

357 1568 536 1620 deficit
561 1569 705 1636 quod
731 1569 843 1620 dari
867 1569 1058 1637 possit,
1082 1568 1158 1619 ibi
1183 1568 1443 1620 terminus
1483 1574 1594 1628 est3
1634 1567 1763 1618 Non
1790 1573 1874 1617 est
1908 1566 2052 1617 enim
2088 1566 2347 1635 largitatis

355 1654 581 1722 turpiter
606 1673 837 1723 quaerere
864 1655 1007 1723 quod
1034 1654 1143 1706 dari
1170 1653 1396 1722 possit.''
1472 1653 1614 1704 Mihi
1640 1660 1781 1705 certe
1807 1652 2020 1704 videtur
2045 1653 2148 1704 hoc
2175 1653 2345 1704 facete

356 1738 556 1789 dictum
565 1759 580 1802 3
607 1757 732 1789 nam
760 1738 804 1789 si
830 1739 965 1790 male
993 1739 1184 1807 quaeris
1210 1746 1273 1789 ut
1293 1738 1402 1798 des,
1431 1755 1620 1788 avarus
1648 1755 1704 1788 es
1731 1744 1792 1788 ut
1812 1736 1884 1787 sis
1909 1736 2104 1805 largus.
2164 1737 2346 1805 Hujus

353 1823 594 1892 praedicti
616 1824 877 1876 Ludovici
902 1824 1172 1893 patrisque
1195 1823 1276 1883 sui
1297 1824 1464 1874 multa
1478 1823 1581 1874 fuit
1597 1823 1654 1874 in
1670 1822 1824 1874 factis
1847 1822 2123 1891 sapientia,
2141 1822 2345 1890 simpli-

354 1908 484 1959 citas
505 1909 559 1958 in
587 1909 758 1960 dictis.
837 1909 943 1961 Hic
968 1917 1172 1960 tantam
1199 1909 1318 1960 Deo
1343 1907 1693 1959 reverentiam
1720 1907 1969 1970 habebat,
2007 1914 2069 1958 ut
2094 1907 2343 1975 quotiens

355 1993 552 2062 aliquid
579 1994 883 2046 emersisset
909 2013 1098 2058 causae,
1117 1994 1259 2062 quod
1284 1993 1464 2062 ipsum
1490 2001 1545 2044 et
1570 1992 1846 2044 ecclesiam
1873 1992 2183 2061 contigeret,
2205 1992 2343 2045 sicut

353 2095 494 2128 unus
526 2078 901 2130 canonicorum
928 2097 1150 2130 censura
1177 2096 1232 2130 se
1259 2077 1478 2147 capituli
1503 2076 1881 2128 moderabatur
1905 2084 1960 2127 et
1985 2076 2287 2146 appellabat
2311 2095 2343 2128 a

352 2163 670 2230 gravamine.
747 2165 874 2215 Mos
902 2165 1020 2232 ejus
1064 2171 1176 2215 erat
1204 2163 1349 2232 quod
1386 2162 1479 2214 ubi
1519 2162 1777 2213 sensisset
1804 2180 2057 2213 somnum
2085 2161 2342 2230 obrepere

353 2248 644 2316 quiesceret
668 2250 867 2302 ibidem
905 2259 998 2302 aut
1022 2268 1206 2319 prope.
1284 2249 1655 2300 Dormientem
1686 2266 1809 2298 eum
1846 2248 2004 2316 juxta
2047 2266 2238 2299 nemus
2282 2248 2339 2299 in

349 2333 554 2398 umbra,
595 2335 804 2387 duobus
831 2343 1042 2387 tantum
1069 2334 1328 2386 militibus
1355 2334 1686 2398 comitatum,
1713 2353 1838 2384 nam
1866 2334 2043 2386 caeteri
2068 2335 2337 2388 veneban-

348 2424 452 2481 tur,
491 2418 698 2471 invenit
736 2438 914 2471 comes
952 2419 1315 2483 TheobalduS,
1355 2419 1508 2487 cujus
1547 2418 1664 2487 ipse
1703 2437 1940 2471 sororem
1981 2419 2260 2485 duxerat,†
2285 2433 2341 2476 et

348 2503 624 2571 castigavit
648 2523 716 2556 110
754 2512 864 2556 tam
909 2506 1054 2556 solus
1094 2504 1368 2568 dormiret,
1394 2523 1505 2556 non
1533 2505 1675 2555 enim
1704 2504 1927 2556 decebat
1951 2522 2148 2573 regem.
2240 2507 2339 2561 Ille

346 2589 639 2656 respondit,
678 2594 713 2619 ‘⁶
737 2591 962 2642 Dormio
1008 2608 1190 2642 secure
1236 2591 1400 2654 SOIUS,
1439 2590 1562 2659 quia
1595 2609 1755 2642 nemo
1783 2590 1915 2641 mihi
1941 2591 2141 2642 malum
2166 2593 2338 2645 vult.”

346 2672 645 2740 Responsio
673 2675 916 2743 simplex,
954 2693 1206 2743 puraeque
1234 2675 1576 2727 conscientiae
1603 2675 1848 2727 verbum.
1924 2676 2060 2730 Quis
2099 2677 2202 2728 hoc
2242 2695 2337 2729 rex

346 2757 410 2807 de
432 2775 487 2808 se
512 2760 787 2825 praesumit
811 2761 943 2811 alius
963 2763 978 2812 ?
1022 2760 1127 2812 Hic
1153 2768 1263 2811 tam
1283 2760 1516 2829 benigno
1536 2761 1715 2812 favore
1732 2761 1949 2812 clericos
1965 2762 2335 2830 promovebat,

342 2849 404 2892 ut
429 2842 493 2893 ab
521 2844 770 2895 omnibus
798 2846 1178 2897 christianismi
1198 2846 1396 2897 finibus
1426 2846 1525 2897 sub
1552 2846 1671 2915 ipso
1701 2846 1936 2898 Parisius
1965 2847 2334 2914 convenirent,

344 2932 397 2976 et
423 2926 521 2977 sub
548 2927 747 2978 alarum
774 2929 886 2997 ejus
913 2929 1102 2981 umbra
1122 2938 1232 2981 tam
1258 2930 1446 2981 nutriti
1471 2949 1631 2998 quam
1656 2932 1883 2999 protecti
1910 2932 2334 3001 perduraverunt

342 3009 397 3059 in
425 3011 617 3061 scholis
643 3011 698 3062 in
720 3012 858 3063 diem
886 3014 1046 3065 hunc.
1122 3015 1271 3065 Dum
1298 3032 1421 3083 ergo
1449 3034 1547 3084 ego
1574 3034 1696 3067 cum
1723 3016 1925 3067 caeteris
1961 3035 2166 3069 moram
2190 3019 2332 3071 face-

342 3109 454 3143 rem
478 3093 534 3144 in
561 3095 755 3146 scholis
781 3096 874 3161 ibi,
913 3097 1211 3150 ditissimus
1246 3099 1282 3151 J
1285 3099 1563 3150 udaeorum
1584 3100 1827 3151 omnium
1854 3100 2093 3153 Franciae
2117 3120 2331 3170 proces-

395 3259 420 3285 *
451 3260 589 3313 Henry
610 3263 646 3303 Ι.
668 3270 792 3304 count
814 3266 860 3304 of
878 3266 1150 3318 Champagne,
1168 3279 1243 3305 8011
1262 3267 1308 3305 of
1411 3270 1441 3314 †
1472 3267 1598 3307 Louis
1617 3268 1654 3307 le
1674 3268 1701 3308 J
1704 3281 1808 3308 eune
1827 3269 2013 3317 married,
2031 3269 2075 3309 in
2096 3270 2213 3318 1160,
2235 3271 2330 3310 Alix

343 3330 545 3369 Theobald
575 3331 650 3370 IV.
681 3345 726 3370 or
753 3334 821 3372 the
850 3333 989 3382 Great,
1017 3335 1180 3385 reigned
1199 3335 1303 3374 from
1360 3336 1555 3386 daughter
1574 3337 1620 3375 of
1635 3337 1846 3376 Theobald
1877 3338 1947 3376 the
1969 3336 2108 3385 Great,
2130 3342 2256 3377 count
2285 3339 2332 3378 of

344 3401 446 3437 1152
466 3403 508 3437 to
531 3401 646 3437 1181.
1362 3403 1635 3455 Champagne,
1658 3405 1748 3443 who
1767 3417 1846 3444 was
1875 3404 1938 3443 his
1956 3404 2066 3443 third
2083 3404 2189 3444 wife.
