<?xml version="1.0" encoding="UTF-8"?>
<!DOCTYPE html PUBLIC "-//W3C//DTD XHTML 1.0 Transitional//EN"
    "http://www.w3.org/TR/xhtml1/DTD/xhtml1-transitional.dtd">
<html xmlns="http://www.w3.org/1999/xhtml" xml:lang="en" lang="en">
 <head>
  <title>
</title>
<meta http-equiv="Content-Type" content="text/html;charset=utf-8" />
  <meta name='ocr-system' content='tesseract 3.04.00' />
  <meta name='ocr-capabilities' content='ocr_page ocr_carea ocr_par ocr_line ocrx_word'/>
</head>
<body>
  <div class='ocr_page' id='page_1' title='image "./gualterimapes00camduoft/gualterimapes00camduoft_0105.png"; bbox 0 0 2638 3860; ppageno 0'>
   <div class='ocr_carea' id='block_1_1' title="bbox 401 328 2362 386">
    <p class='ocr_par' dir='ltr' id='par_1_1' title="bbox 401 328 2362 386">
     <span class='ocr_line' id='line_1_1' title="bbox 401 328 2362 386; baseline -0.004 -12"><span class='ocrx_word' id='word_1_1' title='bbox 401 333 514 386; x_wconf 83' lang='lat' dir='ltr'><strong>Cap.</strong></span> <span class='ocrx_word' id='word_1_2' title='bbox 535 334 617 374; x_wconf 87' lang='lat' dir='ltr'><strong>xvi.</strong></span> <span class='ocrx_word' id='word_1_3' title='bbox 638 335 759 386; x_wconf 86' lang='lat' dir='ltr'><strong>xvii.]</strong></span> <span class='ocrx_word' id='word_1_4' title='bbox 1004 333 1084 368; x_wconf 81' lang='lat' dir='ltr'><strong>DE</strong></span> <span class='ocrx_word' id='word_1_5' title='bbox 1123 332 1308 369; x_wconf 85' lang='lat' dir='ltr'>NUGIS</span> <span class='ocrx_word' id='word_1_6' title='bbox 1350 332 1726 369; x_wconf 83' lang='lat' dir='ltr'><strong>CURIALIUM.</strong></span> <span class='ocrx_word' id='word_1_7' title='bbox 2297 328 2362 375; x_wconf 84' lang='lat'><strong>85</strong></span> 
     </span>
    </p>
   </div>
   <div class='ocr_carea' id='block_1_2' title="bbox 275 458 2369 1910">
    <p class='ocr_par' dir='ltr' id='par_1_2' title="bbox 275 458 2369 1910">
     <span class='ocr_line' id='line_1_2' title="bbox 347 458 2369 531; baseline 0.003 -20"><span class='ocrx_word' id='word_1_8' title='bbox 347 459 538 512; x_wconf 91' lang='lat' dir='ltr'><strong>-cribus</strong></span> <span class='ocrx_word' id='word_1_9' title='bbox 564 462 751 531; x_wconf 89' lang='lat' dir='ltr'><strong>major,</strong></span> <span class='ocrx_word' id='word_1_10' title='bbox 773 468 828 513; x_wconf 91' lang='lat' dir='ltr'><strong>et</strong></span> <span class='ocrx_word' id='word_1_11' title='bbox 852 461 1096 513; x_wconf 83' lang='lat' dir='ltr'><strong>venustis</strong></span> <span class='ocrx_word' id='word_1_12' title='bbox 1123 461 1283 513; x_wconf 89' lang='lat' dir='ltr'><strong>armis</strong></span> <span class='ocrx_word' id='word_1_13' title='bbox 1304 461 1554 513; x_wconf 90' lang='lat' dir='ltr'><strong>decenter</strong></span> <span class='ocrx_word' id='word_1_14' title='bbox 1578 458 1876 512; x_wconf 79' lang='lat' dir='ltr'><strong>redimitus,</strong></span> <span class='ocrx_word' id='word_1_15' title='bbox 1929 460 2158 514; x_wconf 86' lang='lat' dir='ltr'><strong>Innixus</strong></span> <span class='ocrx_word' id='word_1_16' title='bbox 2184 463 2369 518; x_wconf 87' lang='lat' dir='ltr'><strong>lancea</strong></span> 
     </span>
     <span class='ocr_line' id='line_1_3' title="bbox 361 546 2369 618; baseline 0.002 -20"><span class='ocrx_word' id='word_1_17' title='bbox 361 547 667 617; x_wconf 80' lang='lat' dir='ltr'><strong>suspirabat</strong></span> <span class='ocrx_word' id='word_1_18' title='bbox 709 556 822 599; x_wconf 92' lang='lat' dir='ltr'><strong>tam</strong></span> <span class='ocrx_word' id='word_1_19' title='bbox 862 566 1016 618; x_wconf 83' lang='lat' dir='ltr'><strong>aegre,</strong></span> <span class='ocrx_word' id='word_1_20' title='bbox 1048 555 1112 600; x_wconf 89' lang='lat' dir='ltr'><strong>ut</strong></span> <span class='ocrx_word' id='word_1_21' title='bbox 1148 567 1179 599; x_wconf 89' lang='lat' dir='ltr'><strong>a</strong></span> <span class='ocrx_word' id='word_1_22' title='bbox 1220 547 1405 599; x_wconf 89' lang='lat' dir='ltr'><strong>multis</strong></span> <span class='ocrx_word' id='word_1_23' title='bbox 1446 546 1907 599; x_wconf 88' lang='lat' dir='ltr'><strong>circumstantium</strong></span> <span class='ocrx_word' id='word_1_24' title='bbox 1952 556 2260 615; x_wconf 78' lang='lat' dir='ltr'><strong>annotatUS,</strong></span> <span class='ocrx_word' id='word_1_25' title='bbox 2300 553 2369 603; x_wconf 89' lang='lat' dir='ltr'><strong>ad</strong></span> 
     </span>
     <span class='ocr_line' id='line_1_4' title="bbox 357 633 2368 704; baseline 0.003 -20"><span class='ocrx_word' id='word_1_26' title='bbox 357 634 622 686; x_wconf 87' lang='lat' dir='ltr'><strong>rationem</strong></span> <span class='ocrx_word' id='word_1_27' title='bbox 649 642 940 703; x_wconf 83' lang='lat' dir='ltr'><strong>poneretur</strong></span> <span class='ocrx_word' id='word_1_28' title='bbox 966 653 1060 686; x_wconf 91' lang='lat' dir='ltr'><strong>cur</strong></span> <span class='ocrx_word' id='word_1_29' title='bbox 1084 635 1206 687; x_wconf 88' lang='lat' dir='ltr'><strong>hoc.</strong></span> <span class='ocrx_word' id='word_1_30' title='bbox 1283 634 1410 704; x_wconf 90' lang='lat' dir='ltr'><strong>Ipse</strong></span> <span class='ocrx_word' id='word_1_31' title='bbox 1437 641 1619 685; x_wconf 89' lang='lat' dir='ltr'><strong>autem</strong></span> <span class='ocrx_word' id='word_1_32' title='bbox 1645 651 1770 684; x_wconf 91' lang='lat' dir='ltr'><strong>cum</strong></span> <span class='ocrx_word' id='word_1_33' title='bbox 1801 633 1909 685; x_wconf 89' lang='lat' dir='ltr'><strong>alto</strong></span> <span class='ocrx_word' id='word_1_34' title='bbox 1941 637 2222 704; x_wconf 89' lang='lat' dir='ltr'><strong>respondit</strong></span> <span class='ocrx_word' id='word_1_35' title='bbox 2249 656 2368 690; x_wconf 92' lang='lat' dir='ltr'><strong>sus-</strong></span> 
     </span>
     <span class='ocr_line' id='line_1_5' title="bbox 358 719 2365 791; baseline 0.002 -20"><span class='ocrx_word' id='word_1_36' title='bbox 358 720 514 789; x_wconf 91' lang='lat' dir='ltr'><strong>piri0,</strong></span> <span class='ocrx_word' id='word_1_37' title='bbox 554 724 590 749; x_wconf 72' lang='lat'><strong>‘⁶</strong></span> <span class='ocrx_word' id='word_1_38' title='bbox 608 721 761 772; x_wconf 91' lang='lat' dir='ltr'><strong>Deus</strong></span> <span class='ocrx_word' id='word_1_39' title='bbox 787 720 928 774; x_wconf 91' lang='lat' dir='ltr'><strong>bone</strong></span> <span class='ocrx_word' id='word_1_40' title='bbox 949 721 958 772; x_wconf 90' lang='lat'>!</span> <span class='ocrx_word' id='word_1_41' title='bbox 1000 728 1232 791; x_wconf 90' lang='lat' dir='ltr'><strong>quantus</strong></span> <span class='ocrx_word' id='word_1_42' title='bbox 1259 719 1392 772; x_wconf 91' lang='lat' dir='ltr'><strong>mihi</strong></span> <span class='ocrx_word' id='word_1_43' title='bbox 1410 719 1562 771; x_wconf 90' lang='lat' dir='ltr'><strong>labor</strong></span> <span class='ocrx_word' id='word_1_44' title='bbox 1579 727 1663 771; x_wconf 91' lang='lat' dir='ltr'><strong>est</strong></span> <span class='ocrx_word' id='word_1_45' title='bbox 1680 737 1868 771; x_wconf 91' lang='lat' dir='ltr'><strong>omnes</strong></span> <span class='ocrx_word' id='word_1_46' title='bbox 1889 719 2050 773; x_wconf 90' lang='lat' dir='ltr'><strong>hodie</strong></span> <span class='ocrx_word' id='word_1_47' title='bbox 2067 721 2365 777; x_wconf 88' lang='lat' dir='ltr'><strong>interficere</strong></span> 
     </span>
     <span class='ocr_line' id='line_1_6' title="bbox 359 805 2368 878; baseline 0.002 -20"><span class='ocrx_word' id='word_1_48' title='bbox 359 807 452 876; x_wconf 91' lang='lat' dir='ltr'><strong>qui</strong></span> <span class='ocrx_word' id='word_1_49' title='bbox 487 808 595 859; x_wconf 93' lang='lat' dir='ltr'><strong>huc</strong></span> <span class='ocrx_word' id='word_1_50' title='bbox 629 807 1053 860; x_wconf 82' lang='lat' dir='ltr'><strong>convenerunt.”</strong></span> <span class='ocrx_word' id='word_1_51' title='bbox 1127 807 1279 859; x_wconf 88' lang='lat' dir='ltr'><strong>Exiit</strong></span> <span class='ocrx_word' id='word_1_52' title='bbox 1304 815 1485 858; x_wconf 90' lang='lat' dir='ltr'><strong>autem</strong></span> <span class='ocrx_word' id='word_1_53' title='bbox 1509 805 1736 858; x_wconf 90' lang='lat' dir='ltr'><strong>verbum</strong></span> <span class='ocrx_word' id='word_1_54' title='bbox 1775 806 1880 858; x_wconf 92' lang='lat' dir='ltr'><strong>hoc</strong></span> <span class='ocrx_word' id='word_1_55' title='bbox 1920 807 1988 858; x_wconf 91' lang='lat' dir='ltr'><strong>ad</strong></span> <span class='ocrx_word' id='word_1_56' title='bbox 2029 807 2286 878; x_wconf 81' lang='lat' dir='ltr'><strong>singuIOS,</strong></span> <span class='ocrx_word' id='word_1_57' title='bbox 2312 819 2368 863; x_wconf 92' lang='lat' dir='ltr'><strong>et</strong></span> 
     </span>
     <span class='ocr_line' id='line_1_7' title="bbox 359 891 2365 961; baseline 0.002 -16"><span class='ocrx_word' id='word_1_58' title='bbox 359 900 609 945; x_wconf 88' lang='lat' dir='ltr'><strong>ostensus</strong></span> <span class='ocrx_word' id='word_1_59' title='bbox 636 894 939 946; x_wconf 84' lang='lat' dir='ltr'><strong>alternatim</strong></span> <span class='ocrx_word' id='word_1_60' title='bbox 966 901 1021 946; x_wconf 91' lang='lat' dir='ltr'><strong>et</strong></span> <span class='ocrx_word' id='word_1_61' title='bbox 1043 893 1276 946; x_wconf 87' lang='lat' dir='ltr'><strong>invicem</strong></span> <span class='ocrx_word' id='word_1_62' title='bbox 1303 892 1548 945; x_wconf 90' lang='lat' dir='ltr'><strong>omnium</strong></span> <span class='ocrx_word' id='word_1_63' title='bbox 1575 891 1755 961; x_wconf 88' lang='lat' dir='ltr'><strong>digitis</strong></span> <span class='ocrx_word' id='word_1_64' title='bbox 1782 910 1905 944; x_wconf 87' lang='lat' dir='ltr'><strong>cum</strong></span> <span class='ocrx_word' id='word_1_65' title='bbox 1927 911 2146 947; x_wconf 87' lang='lat' dir='ltr'><strong>susurro</strong></span> <span class='ocrx_word' id='word_1_66' title='bbox 2167 894 2365 950; x_wconf 83' lang='lat' dir='ltr'><strong>invidae</strong></span> 
     </span>
     <span class='ocr_line' id='line_1_8' title="bbox 357 978 2366 1050; baseline 0.002 -20"><span class='ocrx_word' id='word_1_67' title='bbox 357 979 760 1049; x_wconf 79' lang='lat' dir='ltr'><strong>indignationis·</strong></span> <span class='ocrx_word' id='word_1_68' title='bbox 836 980 963 1050; x_wconf 92' lang='lat' dir='ltr'><strong>Ipse</strong></span> <span class='ocrx_word' id='word_1_69' title='bbox 980 987 1164 1032; x_wconf 90' lang='lat' dir='ltr'><strong>autem</strong></span> <span class='ocrx_word' id='word_1_70' title='bbox 1180 979 1387 1048; x_wconf 90' lang='lat' dir='ltr'><strong>primus</strong></span> <span class='ocrx_word' id='word_1_71' title='bbox 1412 978 1597 1030; x_wconf 90' lang='lat' dir='ltr'><strong>lancea</strong></span> <span class='ocrx_word' id='word_1_72' title='bbox 1616 978 1674 1029; x_wconf 91' lang='lat' dir='ltr'><strong>in</strong></span> <span class='ocrx_word' id='word_1_73' title='bbox 1699 978 1953 1030; x_wconf 89' lang='lat' dir='ltr'><strong>adversos</strong></span> <span class='ocrx_word' id='word_1_74' title='bbox 1978 979 2151 1046; x_wconf 91' lang='lat' dir='ltr'><strong>irruit,</strong></span> <span class='ocrx_word' id='word_1_75' title='bbox 2171 990 2226 1034; x_wconf 91' lang='lat' dir='ltr'><strong>et</strong></span> <span class='ocrx_word' id='word_1_76' title='bbox 2250 990 2366 1035; x_wconf 90' lang='lat' dir='ltr'><strong>tota</strong></span> 
     </span>
     <span class='ocr_line' id='line_1_9' title="bbox 360 1064 2367 1135; baseline 0.002 -19"><span class='ocrx_word' id='word_1_77' title='bbox 360 1065 444 1118; x_wconf 87' lang='lat' dir='ltr'><strong>die</strong></span> <span class='ocrx_word' id='word_1_78' title='bbox 482 1066 572 1118; x_wconf 91' lang='lat' dir='ltr'><strong>illa</strong></span> <span class='ocrx_word' id='word_1_79' title='bbox 608 1074 721 1118; x_wconf 89' lang='lat' dir='ltr'><strong>tam</strong></span> <span class='ocrx_word' id='word_1_80' title='bbox 761 1065 971 1118; x_wconf 90' lang='lat' dir='ltr'><strong>fortiter</strong></span> <span class='ocrx_word' id='word_1_81' title='bbox 1010 1083 1191 1135; x_wconf 83' lang='lat' dir='ltr'><strong>agenS,</strong></span> <span class='ocrx_word' id='word_1_82' title='bbox 1226 1064 1392 1116; x_wconf 90' lang='lat' dir='ltr'><strong>tantis</strong></span> <span class='ocrx_word' id='word_1_83' title='bbox 1419 1064 1663 1116; x_wconf 89' lang='lat' dir='ltr'><strong>eminens</strong></span> <span class='ocrx_word' id='word_1_84' title='bbox 1693 1065 2031 1117; x_wconf 84' lang='lat' dir='ltr'><strong>successibus</strong></span> <span class='ocrx_word' id='word_1_85' title='bbox 2058 1074 2169 1119; x_wconf 92' lang='lat' dir='ltr'><strong>tam</strong></span> <span class='ocrx_word' id='word_1_86' title='bbox 2196 1068 2367 1121; x_wconf 89' lang='lat' dir='ltr'><strong>victo-</strong></span> 
     </span>
     <span class='ocr_line' id='line_1_10' title="bbox 357 1150 2366 1222; baseline 0.002 -21"><span class='ocrx_word' id='word_1_87' title='bbox 357 1150 498 1204; x_wconf 90' lang='lat' dir='ltr'><strong>riose</strong></span> <span class='ocrx_word' id='word_1_88' title='bbox 516 1152 924 1221; x_wconf 91' lang='lat' dir='ltr'><strong>quibuscunque</strong></span> <span class='ocrx_word' id='word_1_89' title='bbox 943 1152 1241 1220; x_wconf 83' lang='lat' dir='ltr'><strong>praevalens</strong></span> <span class='ocrx_word' id='word_1_90' title='bbox 1268 1150 1487 1215; x_wconf 88' lang='lat' dir='ltr'><strong>effulsit,</strong></span> <span class='ocrx_word' id='word_1_91' title='bbox 1509 1150 1655 1220; x_wconf 91' lang='lat' dir='ltr'><strong>quod</strong></span> <span class='ocrx_word' id='word_1_92' title='bbox 1679 1150 1736 1202; x_wconf 93' lang='lat' dir='ltr'><strong>in</strong></span> <span class='ocrx_word' id='word_1_93' title='bbox 1762 1150 2014 1220; x_wconf 89' lang='lat' dir='ltr'><strong>injuriam</strong></span> <span class='ocrx_word' id='word_1_94' title='bbox 2031 1153 2146 1222; x_wconf 89' lang='lat' dir='ltr'><strong>ejus</strong></span> <span class='ocrx_word' id='word_1_95' title='bbox 2163 1154 2366 1206; x_wconf 88' lang='lat' dir='ltr'><strong>nullam</strong></span> 
     </span>
     <span class='ocr_line' id='line_1_11' title="bbox 356 1238 2367 1307; baseline 0.001 -17"><span class='ocrx_word' id='word_1_96' title='bbox 356 1238 525 1290; x_wconf 91' lang='lat' dir='ltr'><strong>tacuit</strong></span> <span class='ocrx_word' id='word_1_97' title='bbox 562 1238 766 1290; x_wconf 87' lang='lat' dir='ltr'><strong>invidia</strong></span> <span class='ocrx_word' id='word_1_98' title='bbox 804 1238 1038 1303; x_wconf 90' lang='lat' dir='ltr'><strong>laudem,</strong></span> <span class='ocrx_word' id='word_1_99' title='bbox 1079 1246 1135 1291; x_wconf 91' lang='lat' dir='ltr'><strong>et</strong></span> <span class='ocrx_word' id='word_1_100' title='bbox 1173 1238 1231 1289; x_wconf 93' lang='lat' dir='ltr'><strong>in</strong></span> <span class='ocrx_word' id='word_1_101' title='bbox 1271 1256 1510 1290; x_wconf 90' lang='lat' dir='ltr'><strong>amorem</strong></span> <span class='ocrx_word' id='word_1_102' title='bbox 1553 1238 1672 1307; x_wconf 85' lang='lat' dir='ltr'><strong>ejus</strong></span> <span class='ocrx_word' id='word_1_103' title='bbox 1713 1254 1812 1306; x_wconf 90' lang='lat' dir='ltr'><strong>pro</strong></span> <span class='ocrx_word' id='word_1_104' title='bbox 1855 1238 2207 1292; x_wconf 85' lang='lat' dir='ltr'><strong>admiratione</strong></span> <span class='ocrx_word' id='word_1_105' title='bbox 2250 1248 2367 1293; x_wconf 89' lang='lat' dir='ltr'><strong>tota</strong></span> 
     </span>
     <span class='ocr_line' id='line_1_12' title="bbox 356 1323 2368 1394; baseline 0.002 -18"><span class='ocrx_word' id='word_1_106' title='bbox 356 1342 615 1376; x_wconf 87' lang='lat' dir='ltr'><strong>conversa</strong></span> <span class='ocrx_word' id='word_1_107' title='bbox 657 1332 741 1377; x_wconf 91' lang='lat' dir='ltr'><strong>est</strong></span> <span class='ocrx_word' id='word_1_108' title='bbox 783 1324 1088 1394; x_wconf 84' lang='lat' dir='ltr'><strong>malignitas</strong></span> <span class='ocrx_word' id='word_1_109' title='bbox 1135 1324 1262 1377; x_wconf 91' lang='lat' dir='ltr'><strong>odii.</strong></span> <span class='ocrx_word' id='word_1_110' title='bbox 1339 1324 1447 1376; x_wconf 86' lang='lat' dir='ltr'><strong>Sed</strong></span> <span class='ocrx_word' id='word_1_111' title='bbox 1487 1342 1611 1376; x_wconf 83' lang='lat' dir='ltr'><strong>vere</strong></span> <span class='ocrx_word' id='word_1_112' title='bbox 1650 1324 1768 1376; x_wconf 89' lang='lat' dir='ltr'><strong>laus</strong></span> <span class='ocrx_word' id='word_1_113' title='bbox 1809 1323 1866 1376; x_wconf 91' lang='lat' dir='ltr'><strong>in</strong></span> <span class='ocrx_word' id='word_1_114' title='bbox 1903 1324 2011 1377; x_wconf 91' lang='lat' dir='ltr'><strong>fine</strong></span> <span class='ocrx_word' id='word_1_115' title='bbox 2047 1325 2271 1390; x_wconf 90' lang='lat' dir='ltr'><strong>canitur,</strong></span> <span class='ocrx_word' id='word_1_116' title='bbox 2312 1334 2368 1380; x_wconf 91' lang='lat' dir='ltr'><strong>et</strong></span> 
     </span>
     <span class='ocr_line' id='line_1_13' title="bbox 353 1408 2363 1480; baseline 0.001 -18"><span class='ocrx_word' id='word_1_117' title='bbox 353 1429 578 1480; x_wconf 88' lang='lat' dir='ltr'><strong>vespere</strong></span> <span class='ocrx_word' id='word_1_118' title='bbox 620 1411 870 1463; x_wconf 92' lang='lat' dir='ltr'><strong>laudatur</strong></span> <span class='ocrx_word' id='word_1_119' title='bbox 911 1410 1044 1464; x_wconf 83' lang='lat' dir='ltr'><strong>dies.</strong></span> <span class='ocrx_word' id='word_1_120' title='bbox 1121 1410 1290 1463; x_wconf 92' lang='lat' dir='ltr'><strong>Filius</strong></span> <span class='ocrx_word' id='word_1_121' title='bbox 1334 1408 1622 1462; x_wconf 86' lang='lat' dir='ltr'><strong>videbatur</strong></span> <span class='ocrx_word' id='word_1_122' title='bbox 1664 1409 1916 1474; x_wconf 82' lang='lat' dir='ltr'><strong>fortunae,</strong></span> <span class='ocrx_word' id='word_1_123' title='bbox 1955 1410 2132 1462; x_wconf 90' lang='lat' dir='ltr'><strong>sedin</strong></span> <span class='ocrx_word' id='word_1_124' title='bbox 2169 1412 2363 1465; x_wconf 91' lang='lat' dir='ltr'><strong>ultimo</strong></span> 
     </span>
     <span class='ocr_line' id='line_1_14' title="bbox 275 1494 2363 1569; baseline 0 -20"><span class='ocrx_word' id='word_1_125' title='bbox 275 1563 283 1569; x_wconf 29' lang='lat'><em>⁶</em></span> <span class='ocrx_word' id='word_1_126' title='bbox 355 1496 494 1549; x_wconf 92' lang='lat' dir='ltr'><strong>circa</strong></span> <span class='ocrx_word' id='word_1_127' title='bbox 535 1496 700 1549; x_wconf 91' lang='lat' dir='ltr'><strong>finem</strong></span> <span class='ocrx_word' id='word_1_128' title='bbox 745 1505 800 1549; x_wconf 93' lang='lat' dir='ltr'><strong>et</strong></span> <span class='ocrx_word' id='word_1_129' title='bbox 844 1497 1141 1549; x_wconf 91' lang='lat' dir='ltr'><strong>discessum</strong></span> <span class='ocrx_word' id='word_1_130' title='bbox 1181 1495 1443 1557; x_wconf 86' lang='lat' dir='ltr'><strong>omnium,</strong></span> <span class='ocrx_word' id='word_1_131' title='bbox 1487 1494 1554 1547; x_wconf 91' lang='lat' dir='ltr'><strong>ab</strong></span> <span class='ocrx_word' id='word_1_132' title='bbox 1595 1494 1819 1564; x_wconf 86' lang='lat' dir='ltr'><strong>ignobili</strong></span> <span class='ocrx_word' id='word_1_133' title='bbox 1859 1495 2167 1565; x_wconf 89' lang='lat' dir='ltr'><strong>nulliusque</strong></span> <span class='ocrx_word' id='word_1_134' title='bbox 2204 1498 2363 1566; x_wconf 87' lang='lat' dir='ltr'><strong>pretii</strong></span> 
     </span>
     <span class='ocr_line' id='line_1_15' title="bbox 355 1581 2363 1655; baseline 0.002 -22"><span class='ocrx_word' id='word_1_135' title='bbox 355 1583 524 1635; x_wconf 91' lang='lat' dir='ltr'><strong>milite</strong></span> <span class='ocrx_word' id='word_1_136' title='bbox 567 1584 708 1635; x_wconf 89' lang='lat' dir='ltr'><strong>facto</strong></span> <span class='ocrx_word' id='word_1_137' title='bbox 751 1583 853 1635; x_wconf 89' lang='lat' dir='ltr'><strong>sibi</strong></span> <span class='ocrx_word' id='word_1_138' title='bbox 898 1583 1111 1635; x_wconf 87' lang='lat' dir='ltr'><strong>obviam</strong></span> <span class='ocrx_word' id='word_1_139' title='bbox 1154 1583 1338 1634; x_wconf 89' lang='lat' dir='ltr'><strong>lancea</strong></span> <span class='ocrx_word' id='word_1_140' title='bbox 1371 1599 1661 1652; x_wconf 89' lang='lat' dir='ltr'><strong>percussus</strong></span> <span class='ocrx_word' id='word_1_141' title='bbox 1702 1589 1786 1634; x_wconf 92' lang='lat' dir='ltr'><strong>est</strong></span> <span class='ocrx_word' id='word_1_142' title='bbox 1825 1581 1882 1632; x_wconf 92' lang='lat' dir='ltr'><strong>in</strong></span> <span class='ocrx_word' id='word_1_143' title='bbox 1927 1600 2036 1647; x_wconf 88' lang='lat' dir='ltr'><strong>cor,</strong></span> <span class='ocrx_word' id='word_1_144' title='bbox 2076 1583 2363 1655; x_wconf 90' lang='lat' dir='ltr'><strong>subitoque</strong></span> 
     </span>
     <span class='ocr_line' id='line_1_16' title="bbox 353 1667 2364 1737; baseline 0.001 -17"><span class='ocrx_word' id='word_1_145' title='bbox 353 1677 618 1721; x_wconf 60' lang='lat' dir='ltr'><strong>mortuus</strong></span> <span class='ocrx_word' id='word_1_146' title='bbox 694 1670 981 1722; x_wconf 84' lang='lat' dir='ltr'><strong>Revocatae</strong></span> <span class='ocrx_word' id='word_1_147' title='bbox 1009 1675 1137 1719; x_wconf 89' lang='lat' dir='ltr'><strong>sunt</strong></span> <span class='ocrx_word' id='word_1_148' title='bbox 1162 1675 1403 1737; x_wconf 82' lang='lat' dir='ltr'><strong>utraeque</strong></span> <span class='ocrx_word' id='word_1_149' title='bbox 1428 1674 1627 1736; x_wconf 84' lang='lat' dir='ltr'><strong>parteS,</strong></span> <span class='ocrx_word' id='word_1_150' title='bbox 1648 1674 1704 1720; x_wconf 91' lang='lat' dir='ltr'><strong>et</strong></span> <span class='ocrx_word' id='word_1_151' title='bbox 1728 1686 1852 1719; x_wconf 90' lang='lat' dir='ltr'><strong>cum</strong></span> <span class='ocrx_word' id='word_1_152' title='bbox 1878 1667 1944 1720; x_wconf 92' lang='lat' dir='ltr'><strong>ab</strong></span> <span class='ocrx_word' id='word_1_153' title='bbox 1972 1669 2224 1721; x_wconf 90' lang='lat' dir='ltr'><strong>omnibus</strong></span> <span class='ocrx_word' id='word_1_154' title='bbox 2252 1678 2308 1723; x_wconf 85' lang='lat' dir='ltr'><strong>et</strong></span> <span class='ocrx_word' id='word_1_155' title='bbox 2332 1689 2364 1722; x_wconf 90' lang='lat' dir='ltr'><strong>a</strong></span> 
     </span>
     <span class='ocr_line' id='line_1_17' title="bbox 353 1752 2363 1827; baseline 0.002 -22"><span class='ocrx_word' id='word_1_156' title='bbox 353 1755 575 1824; x_wconf 90' lang='lat' dir='ltr'><strong>singulis</strong></span> <span class='ocrx_word' id='word_1_157' title='bbox 602 1755 919 1807; x_wconf 89' lang='lat' dir='ltr'><strong>alterutrum</strong></span> <span class='ocrx_word' id='word_1_158' title='bbox 946 1753 1168 1822; x_wconf 90' lang='lat' dir='ltr'><strong>singulis</strong></span> <span class='ocrx_word' id='word_1_159' title='bbox 1206 1761 1457 1805; x_wconf 91' lang='lat' dir='ltr'><strong>ostensus</strong></span> <span class='ocrx_word' id='word_1_160' title='bbox 1490 1752 1560 1803; x_wconf 90' lang='lat' dir='ltr'><strong>sit</strong></span> <span class='ocrx_word' id='word_1_161' title='bbox 1585 1761 1909 1819; x_wconf 83' lang='lat' dir='ltr'><strong>exarmatus,</strong></span> <span class='ocrx_word' id='word_1_162' title='bbox 1942 1773 1972 1806; x_wconf 91' lang='lat' dir='ltr'><strong>a</strong></span> <span class='ocrx_word' id='word_1_163' title='bbox 1996 1755 2212 1808; x_wconf 89' lang='lat' dir='ltr'><strong>nemine</strong></span> <span class='ocrx_word' id='word_1_164' title='bbox 2238 1775 2363 1827; x_wconf 89' lang='lat' dir='ltr'><strong>cog-</strong></span> 
     </span>
     <span class='ocr_line' id='line_1_18' title="bbox 351 1838 1781 1910; baseline -0.001 -18"><span class='ocrx_word' id='word_1_165' title='bbox 351 1840 499 1892; x_wconf 89' lang='lat' dir='ltr'><strong>nitus</strong></span> <span class='ocrx_word' id='word_1_166' title='bbox 526 1849 625 1906; x_wconf 92' lang='lat' dir='ltr'><strong>est,</strong></span> <span class='ocrx_word' id='word_1_167' title='bbox 652 1849 715 1893; x_wconf 89' lang='lat' dir='ltr'><strong>ut</strong></span> <span class='ocrx_word' id='word_1_168' title='bbox 739 1859 910 1910; x_wconf 89' lang='lat' dir='ltr'><strong>usque</strong></span> <span class='ocrx_word' id='word_1_169' title='bbox 935 1840 1098 1892; x_wconf 91' lang='lat' dir='ltr'><strong>hodie</strong></span> <span class='ocrx_word' id='word_1_170' title='bbox 1122 1839 1428 1891; x_wconf 88' lang='lat' dir='ltr'><strong>inauditum</strong></span> <span class='ocrx_word' id='word_1_171' title='bbox 1456 1838 1576 1908; x_wconf 90' lang='lat' dir='ltr'><strong>quis</strong></span> <span class='ocrx_word' id='word_1_172' title='bbox 1602 1839 1781 1891; x_wconf 86' lang='lat' dir='ltr'><strong>fuerit.</strong></span> 
     </span>
    </p>
   </div>
   <div class='ocr_carea' id='block_1_3' title="bbox 792 1983 1911 2037">
    <p class='ocr_par' dir='ltr' id='par_1_3' title="bbox 792 1983 1911 2037">
     <span class='ocr_line' id='line_1_19' title="bbox 792 1983 1911 2037; baseline -0.001 0"><span class='ocrx_word' id='word_1_173' title='bbox 792 1987 875 2037; x_wconf 84' lang='lat' dir='ltr'><strong>De</strong></span> <span class='ocrx_word' id='word_1_174' title='bbox 905 1986 1119 2037; x_wconf 76' lang='lat' dir='ltr'><strong>Gadone</strong></span> <span class='ocrx_word' id='word_1_175' title='bbox 1144 1985 1310 2036; x_wconf 77' lang='lat' dir='ltr'><strong>milite</strong></span> <span class='ocrx_word' id='word_1_176' title='bbox 1334 1984 1709 2035; x_wconf 63' lang='lat' dir='ltr'><strong>strenuissima</strong></span> <span class='ocrx_word' id='word_1_177' title='bbox 1782 1983 1911 2036; x_wconf 87' lang='lat' dir='ltr'><strong>xvii.</strong></span> 
     </span>
    </p>
   </div>
   <div class='ocr_carea' id='block_1_4' title="bbox 345 2103 2358 2946">
    <p class='ocr_par' dir='ltr' id='par_1_4' title="bbox 345 2103 2358 2946">
     <span class='ocr_line' id='line_1_20' title="bbox 424 2103 2354 2174; baseline -0.001 -14"><span class='ocrx_word' id='word_1_178' title='bbox 424 2108 709 2160; x_wconf 87' lang='lat' dir='ltr'><strong>Gadonem</strong></span> <span class='ocrx_word' id='word_1_179' title='bbox 730 2108 763 2145; x_wconf 76' lang='lat'><strong>³¹&lt;</strong></span> <span class='ocrx_word' id='word_1_180' title='bbox 815 2105 1083 2158; x_wconf 90' lang='lat' dir='ltr'><strong>miramini</strong></span> <span class='ocrx_word' id='word_1_181' title='bbox 1132 2104 1325 2157; x_wconf 89' lang='lat' dir='ltr'><strong>merito</strong></span> <span class='ocrx_word' id='word_1_182' title='bbox 1377 2103 1530 2174; x_wconf 90' lang='lat' dir='ltr'><strong>quasi</strong></span> <span class='ocrx_word' id='word_1_183' title='bbox 1589 2103 1835 2156; x_wconf 86' lang='lat' dir='ltr'><strong>stabilem</strong></span> <span class='ocrx_word' id='word_1_184' title='bbox 1897 2103 2040 2156; x_wconf 92' lang='lat' dir='ltr'><strong>inter</strong></span> <span class='ocrx_word' id='word_1_185' title='bbox 2094 2106 2354 2173; x_wconf 90' lang='lat' dir='ltr'><strong>procellas</strong></span> 
     </span>
     <span class='ocr_line' id='line_1_21' title="bbox 348 2189 2358 2263; baseline -0 -18"><span class='ocrx_word' id='word_1_186' title='bbox 348 2212 557 2263; x_wconf 88' lang='lat' dir='ltr'><strong>rupem,</strong></span> <span class='ocrx_word' id='word_1_187' title='bbox 604 2194 693 2263; x_wconf 93' lang='lat' dir='ltr'><strong>qui</strong></span> <span class='ocrx_word' id='word_1_188' title='bbox 741 2211 798 2245; x_wconf 92' lang='lat' dir='ltr'><strong>se</strong></span> <span class='ocrx_word' id='word_1_189' title='bbox 843 2210 1055 2261; x_wconf 89' lang='lat' dir='ltr'><strong>semper</strong></span> <span class='ocrx_word' id='word_1_190' title='bbox 1100 2191 1215 2260; x_wconf 93' lang='lat' dir='ltr'><strong>spei</strong></span> <span class='ocrx_word' id='word_1_191' title='bbox 1257 2198 1543 2260; x_wconf 84' lang='lat' dir='ltr'><strong>metusque</strong></span> <span class='ocrx_word' id='word_1_192' title='bbox 1587 2189 1797 2241; x_wconf 92' lang='lat' dir='ltr'><strong>medius</strong></span> <span class='ocrx_word' id='word_1_193' title='bbox 1836 2207 1933 2259; x_wconf 91' lang='lat' dir='ltr'><strong>per</strong></span> <span class='ocrx_word' id='word_1_194' title='bbox 1968 2189 2179 2243; x_wconf 87' lang='lat' dir='ltr'><strong>labores</strong></span> <span class='ocrx_word' id='word_1_195' title='bbox 2216 2192 2358 2244; x_wconf 91' lang='lat' dir='ltr'><strong>Her-</strong></span> 
     </span>
     <span class='ocr_line' id='line_1_22' title="bbox 349 2275 2356 2348; baseline -0.001 -17"><span class='ocrx_word' id='word_1_196' title='bbox 349 2280 531 2332; x_wconf 92' lang='lat' dir='ltr'><strong>culeos</strong></span> <span class='ocrx_word' id='word_1_197' title='bbox 552 2297 706 2348; x_wconf 81' lang='lat' dir='ltr'><strong>aequa</strong></span> <span class='ocrx_word' id='word_1_198' title='bbox 729 2278 879 2329; x_wconf 92' lang='lat' dir='ltr'><strong>lance</strong></span> <span class='ocrx_word' id='word_1_199' title='bbox 904 2276 1135 2341; x_wconf 85' lang='lat' dir='ltr'><strong>libravit,</strong></span> <span class='ocrx_word' id='word_1_200' title='bbox 1162 2282 1225 2327; x_wconf 92' lang='lat' dir='ltr'><strong>ut</strong></span> <span class='ocrx_word' id='word_1_201' title='bbox 1249 2275 1306 2326; x_wconf 92' lang='lat' dir='ltr'><strong>in</strong></span> <span class='ocrx_word' id='word_1_202' title='bbox 1331 2275 1576 2327; x_wconf 87' lang='lat' dir='ltr'><strong>neutrius</strong></span> <span class='ocrx_word' id='word_1_203' title='bbox 1603 2275 1773 2326; x_wconf 85' lang='lat' dir='ltr'><strong>exiret</strong></span> <span class='ocrx_word' id='word_1_204' title='bbox 1808 2276 2038 2344; x_wconf 87' lang='lat' dir='ltr'><strong>degener</strong></span> <span class='ocrx_word' id='word_1_205' title='bbox 2061 2275 2356 2329; x_wconf 90' lang='lat' dir='ltr'><strong>infamiam.</strong></span> 
     </span>
     <span class='ocr_line' id='line_1_23' title="bbox 349 2357 2352 2432; baseline -0.001 -16"><span class='ocrx_word' id='word_1_206' title='bbox 349 2365 517 2416; x_wconf 91' lang='lat' dir='ltr'><strong>Filius</strong></span> <span class='ocrx_word' id='word_1_207' title='bbox 546 2371 660 2416; x_wconf 90' lang='lat' dir='ltr'><strong>erat</strong></span> <span class='ocrx_word' id='word_1_208' title='bbox 684 2363 823 2432; x_wconf 89' lang='lat' dir='ltr'><strong>regis</strong></span> <span class='ocrx_word' id='word_1_209' title='bbox 844 2362 1255 2425; x_wconf 88' lang='lat' dir='ltr'><strong>Wandalorum,</strong></span> <span class='ocrx_word' id='word_1_210' title='bbox 1276 2361 1431 2430; x_wconf 90' lang='lat' dir='ltr'><strong>cujus</strong></span> <span class='ocrx_word' id='word_1_211' title='bbox 1456 2360 1574 2429; x_wconf 91' lang='lat' dir='ltr'><strong>ipse</strong></span> <span class='ocrx_word' id='word_1_212' title='bbox 1599 2378 1824 2429; x_wconf 89' lang='lat' dir='ltr'><strong>regnum</strong></span> <span class='ocrx_word' id='word_1_213' title='bbox 1846 2378 2090 2429; x_wconf 89' lang='lat' dir='ltr'><strong>egressus</strong></span> <span class='ocrx_word' id='word_1_214' title='bbox 2117 2379 2148 2412; x_wconf 90' lang='lat' dir='ltr'><strong>a</strong></span> <span class='ocrx_word' id='word_1_215' title='bbox 2166 2357 2352 2430; x_wconf 85' lang='lat' dir='ltr'><strong>puerO,</strong></span> 
     </span>
     <span class='ocr_line' id='line_1_24' title="bbox 348 2446 2354 2521; baseline -0.001 -18"><span class='ocrx_word' id='word_1_216' title='bbox 348 2471 459 2504; x_wconf 90' lang='lat' dir='ltr'><strong>non</strong></span> <span class='ocrx_word' id='word_1_217' title='bbox 475 2451 940 2521; x_wconf 86' lang='lat' dir='ltr'><strong>importunitatem</strong></span> <span class='ocrx_word' id='word_1_218' title='bbox 957 2446 1144 2521; x_wconf 86' lang='lat' dir='ltr'><strong>patriae</strong></span> <span class='ocrx_word' id='word_1_219' title='bbox 1159 2448 1246 2500; x_wconf 90' lang='lat' dir='ltr'><strong>vel</strong></span> <span class='ocrx_word' id='word_1_220' title='bbox 1260 2447 1429 2517; x_wconf 87' lang='lat' dir='ltr'><strong>patris</strong></span> <span class='ocrx_word' id='word_1_221' title='bbox 1457 2446 1849 2498; x_wconf 87' lang='lat' dir='ltr'><strong>districtionem</strong></span> <span class='ocrx_word' id='word_1_222' title='bbox 1874 2446 2103 2515; x_wconf 86' lang='lat' dir='ltr'><strong>fugienS,</strong></span> <span class='ocrx_word' id='word_1_223' title='bbox 2125 2448 2219 2499; x_wconf 90' lang='lat' dir='ltr'><strong>sed</strong></span> <span class='ocrx_word' id='word_1_224' title='bbox 2240 2449 2354 2500; x_wconf 89' lang='lat' dir='ltr'><strong>ani-</strong></span> 
     </span>
     <span class='ocr_line' id='line_1_25' title="bbox 347 2532 2351 2604; baseline -0.001 -15"><span class='ocrx_word' id='word_1_225' title='bbox 347 2556 498 2589; x_wconf 91' lang='lat' dir='ltr'><strong>mum</strong></span> <span class='ocrx_word' id='word_1_226' title='bbox 525 2537 730 2589; x_wconf 90' lang='lat' dir='ltr'><strong>habens</strong></span> <span class='ocrx_word' id='word_1_227' title='bbox 758 2536 964 2587; x_wconf 91' lang='lat' dir='ltr'><strong>mundo</strong></span> <span class='ocrx_word' id='word_1_228' title='bbox 990 2535 1268 2604; x_wconf 89' lang='lat' dir='ltr'><strong>majorem,</strong></span> <span class='ocrx_word' id='word_1_229' title='bbox 1291 2533 1481 2586; x_wconf 89' lang='lat' dir='ltr'><strong>arctari</strong></span> <span class='ocrx_word' id='word_1_230' title='bbox 1509 2551 1565 2584; x_wconf 92' lang='lat' dir='ltr'><strong>se</strong></span> <span class='ocrx_word' id='word_1_231' title='bbox 1582 2532 1782 2584; x_wconf 87' lang='lat' dir='ltr'><strong>finibus</strong></span> <span class='ocrx_word' id='word_1_232' title='bbox 1801 2534 2129 2601; x_wconf 89' lang='lat' dir='ltr'><strong>contempsit</strong></span> <span class='ocrx_word' id='word_1_233' title='bbox 2144 2533 2351 2601; x_wconf 79' lang='lat' dir='ltr'><strong>patriis,</strong></span> 
     </span>
     <span class='ocr_line' id='line_1_26' title="bbox 347 2619 2354 2693; baseline -0.002 -17"><span class='ocrx_word' id='word_1_234' title='bbox 347 2624 546 2676; x_wconf 92' lang='lat' dir='ltr'><strong>Literis</strong></span> <span class='ocrx_word' id='word_1_235' title='bbox 573 2642 698 2693; x_wconf 91' lang='lat' dir='ltr'><strong>ergo</strong></span> <span class='ocrx_word' id='word_1_236' title='bbox 737 2622 911 2693; x_wconf 91' lang='lat' dir='ltr'><strong>primo</strong></span> <span class='ocrx_word' id='word_1_237' title='bbox 951 2621 1278 2674; x_wconf 91' lang='lat' dir='ltr'><strong>sufficienter</strong></span> <span class='ocrx_word' id='word_1_238' title='bbox 1316 2620 1544 2689; x_wconf 83' lang='lat' dir='ltr'><strong>adeptiS,</strong></span> <span class='ocrx_word' id='word_1_239' title='bbox 1583 2619 1744 2670; x_wconf 89' lang='lat' dir='ltr'><strong>armis</strong></span> <span class='ocrx_word' id='word_1_240' title='bbox 1785 2619 2000 2670; x_wconf 93' lang='lat' dir='ltr'><strong>demum</strong></span> <span class='ocrx_word' id='word_1_241' title='bbox 2041 2620 2354 2689; x_wconf 82' lang='lat' dir='ltr'><strong>assumptiS,</strong></span> 
     </span>
     <span class='ocr_line' id='line_1_27' title="bbox 345 2705 2356 2779; baseline -0.001 -18"><span class='ocrx_word' id='word_1_242' title='bbox 345 2709 514 2761; x_wconf 87' lang='lat' dir='ltr'><strong>totius</strong></span> <span class='ocrx_word' id='word_1_243' title='bbox 556 2710 702 2762; x_wconf 88' lang='lat' dir='ltr'><strong>orbis</strong></span> <span class='ocrx_word' id='word_1_244' title='bbox 742 2716 996 2779; x_wconf 88' lang='lat' dir='ltr'><strong>portenta</strong></span> <span class='ocrx_word' id='word_1_245' title='bbox 1034 2706 1359 2777; x_wconf 88' lang='lat' dir='ltr'><strong>perdomuit.</strong></span> <span class='ocrx_word' id='word_1_246' title='bbox 1438 2706 1702 2760; x_wconf 74' lang='lat' dir='ltr'><strong>Quicum</strong></span> <span class='ocrx_word' id='word_1_247' title='bbox 1729 2724 1840 2757; x_wconf 93' lang='lat' dir='ltr'><strong>non</strong></span> <span class='ocrx_word' id='word_1_248' title='bbox 1866 2712 2010 2757; x_wconf 91' lang='lat' dir='ltr'><strong>esset</strong></span> <span class='ocrx_word' id='word_1_249' title='bbox 2048 2705 2165 2774; x_wconf 92' lang='lat' dir='ltr'><strong>ipse</strong></span> <span class='ocrx_word' id='word_1_250' title='bbox 2198 2724 2356 2758; x_wconf 90' lang='lat' dir='ltr'><strong>mon-</strong></span> 
     </span>
     <span class='ocr_line' id='line_1_28' title="bbox 347 2791 2352 2861; baseline -0.002 -13"><span class='ocrx_word' id='word_1_251' title='bbox 347 2804 520 2848; x_wconf 92' lang='lat' dir='ltr'><strong>strum</strong></span> <span class='ocrx_word' id='word_1_252' title='bbox 547 2796 717 2847; x_wconf 89' lang='lat' dir='ltr'><strong>instar</strong></span> <span class='ocrx_word' id='word_1_253' title='bbox 740 2795 945 2847; x_wconf 82' lang='lat' dir='ltr'><strong>Alcidae</strong></span> <span class='ocrx_word' id='word_1_254' title='bbox 965 2793 1265 2846; x_wconf 90' lang='lat' dir='ltr'><strong>secundum</strong></span> <span class='ocrx_word' id='word_1_255' title='bbox 1286 2792 1589 2861; x_wconf 88' lang='lat' dir='ltr'><strong>giganteam</strong></span> <span class='ocrx_word' id='word_1_256' title='bbox 1616 2791 1975 2856; x_wconf 90' lang='lat' dir='ltr'><strong>altitudinem,</strong></span> <span class='ocrx_word' id='word_1_257' title='bbox 2001 2792 2087 2844; x_wconf 87' lang='lat' dir='ltr'><strong>vel</strong></span> <span class='ocrx_word' id='word_1_258' title='bbox 2110 2792 2352 2844; x_wconf 90' lang='lat' dir='ltr'><strong>Achilles</strong></span> 
     </span>
     <span class='ocr_line' id='line_1_29' title="bbox 346 2878 2351 2946; baseline -0.001 -13"><span class='ocrx_word' id='word_1_259' title='bbox 346 2883 644 2935; x_wconf 91' lang='lat' dir='ltr'><strong>secundum</strong></span> <span class='ocrx_word' id='word_1_260' title='bbox 683 2881 1021 2946; x_wconf 85' lang='lat' dir='ltr'><strong>fatalitatem,</strong></span> <span class='ocrx_word' id='word_1_261' title='bbox 1064 2898 1176 2932; x_wconf 89' lang='lat' dir='ltr'><strong>non</strong></span> <span class='ocrx_word' id='word_1_262' title='bbox 1220 2878 1563 2946; x_wconf 90' lang='lat' dir='ltr'><strong>inferioribus</strong></span> <span class='ocrx_word' id='word_1_263' title='bbox 1591 2878 1786 2931; x_wconf 91' lang='lat' dir='ltr'><strong>meruit</strong></span> <span class='ocrx_word' id='word_1_264' title='bbox 1827 2878 1999 2930; x_wconf 88' lang='lat' dir='ltr'><strong>titulis</strong></span> <span class='ocrx_word' id='word_1_265' title='bbox 2025 2878 2215 2943; x_wconf 90' lang='lat' dir='ltr'><strong>attolli,</strong></span> <span class='ocrx_word' id='word_1_266' title='bbox 2255 2879 2351 2931; x_wconf 89' lang='lat' dir='ltr'><strong>sed</strong></span> 
     </span>
    </p>
   </div>
   <div class='ocr_carea' id='block_1_5' title="bbox 342 3045 2355 3373">
    <p class='ocr_par' dir='ltr' id='par_1_5' title="bbox 342 3045 2355 3237">
     <span class='ocr_line' id='line_1_30' title="bbox 342 3045 2352 3101; baseline -0.002 -12"><span class='ocrx_word' id='word_1_267' title='bbox 342 3051 481 3096; x_wconf 88' lang='lat' dir='ltr'><strong>fuerit,</strong></span> <span class='ocrx_word' id='word_1_268' title='bbox 513 3050 697 3101; x_wconf 86' lang='lat' dir='ltr'><strong>quamvis</strong></span> <span class='ocrx_word' id='word_1_269' title='bbox 730 3050 767 3089; x_wconf 89' lang='lat' dir='ltr'><strong>ei</strong></span> <span class='ocrx_word' id='word_1_270' title='bbox 797 3048 1043 3101; x_wconf 86' lang='lat' dir='ltr'><strong>poenitentia</strong></span> <span class='ocrx_word' id='word_1_271' title='bbox 1078 3059 1164 3086; x_wconf 93' lang='lat' dir='ltr'><strong>non</strong></span> <span class='ocrx_word' id='word_1_272' title='bbox 1197 3047 1321 3086; x_wconf 87' lang='lat' dir='ltr'><strong>dene·</strong></span> <span class='ocrx_word' id='word_1_273' title='bbox 1381 3046 1535 3099; x_wconf 84' lang='lat' dir='ltr'><strong>Saxon)</strong></span> <span class='ocrx_word' id='word_1_274' title='bbox 1567 3059 1770 3094; x_wconf 86' lang='lat' dir='ltr'><strong>romanoe,</strong></span> <span class='ocrx_word' id='word_1_275' title='bbox 1801 3059 1893 3086; x_wconf 88' lang='lat' dir='ltr'><strong>now</strong></span> <span class='ocrx_word' id='word_1_276' title='bbox 1921 3046 2017 3085; x_wconf 86' lang='lat' dir='ltr'><strong>lost.</strong></span> <span class='ocrx_word' id='word_1_277' title='bbox 2076 3046 2117 3085; x_wconf 87' lang='lat' dir='ltr'><strong>It</strong></span> <span class='ocrx_word' id='word_1_278' title='bbox 2145 3045 2180 3084; x_wconf 88' lang='lat' dir='ltr'><strong>is</strong></span> <span class='ocrx_word' id='word_1_279' title='bbox 2207 3046 2352 3098; x_wconf 80' lang='lat' dir='ltr'><strong>hardly</strong></span> 
     </span>
     <span class='ocr_line' id='line_1_31' title="bbox 344 3113 2355 3170; baseline -0.002 -12"><span class='ocrx_word' id='word_1_280' title='bbox 344 3124 477 3170; x_wconf 87' lang='lat' dir='ltr'><strong>getur,</strong></span> <span class='ocrx_word' id='word_1_281' title='bbox 519 3118 792 3157; x_wconf 85' lang='lat' dir='ltr'><strong>ecclesiastica</strong></span> <span class='ocrx_word' id='word_1_282' title='bbox 828 3122 967 3156; x_wconf 88' lang='lat' dir='ltr'><strong>tamen</strong></span> <span class='ocrx_word' id='word_1_283' title='bbox 1009 3120 1145 3155; x_wconf 90' lang='lat' dir='ltr'><strong>careat</strong></span> <span class='ocrx_word' id='word_1_284' title='bbox 1183 3114 1320 3165; x_wconf 87' lang='lat' dir='ltr'><strong>sepul-</strong></span> <span class='ocrx_word' id='word_1_285' title='bbox 1379 3128 1593 3166; x_wconf 87' lang='lat' dir='ltr'><strong>necessary</strong></span> <span class='ocrx_word' id='word_1_286' title='bbox 1629 3119 1673 3153; x_wconf 88' lang='lat' dir='ltr'><strong>to</strong></span> <span class='ocrx_word' id='word_1_287' title='bbox 1712 3119 1817 3154; x_wconf 86' lang='lat' dir='ltr'><strong>state</strong></span> <span class='ocrx_word' id='word_1_288' title='bbox 1854 3114 1943 3153; x_wconf 88' lang='lat' dir='ltr'><strong>that</strong></span> <span class='ocrx_word' id='word_1_289' title='bbox 1981 3115 2052 3153; x_wconf 88' lang='lat' dir='ltr'><strong>the</strong></span> <span class='ocrx_word' id='word_1_290' title='bbox 2089 3113 2277 3153; x_wconf 87' lang='lat' dir='ltr'><strong>invasion</strong></span> <span class='ocrx_word' id='word_1_291' title='bbox 2307 3115 2355 3154; x_wconf 87' lang='lat' dir='ltr'><strong>of</strong></span> 
     </span>
     <span class='ocr_line' id='line_1_32' title="bbox 343 3182 2351 3237; baseline -0.001 -11"><span class='ocrx_word' id='word_1_292' title='bbox 343 3186 482 3226; x_wconf 86' lang='lat' dir='ltr'><strong>tura.&#39;&#39;</strong></span> <span class='ocrx_word' id='word_1_293' title='bbox 513 3187 666 3237; x_wconf 82' lang='lat' dir='ltr'><strong>Rogeri</strong></span> <span class='ocrx_word' id='word_1_294' title='bbox 685 3187 734 3225; x_wconf 92' lang='lat' dir='ltr'><strong>de</strong></span> <span class='ocrx_word' id='word_1_295' title='bbox 756 3186 971 3230; x_wconf 89' lang='lat' dir='ltr'><strong>Hoveden,</strong></span> <span class='ocrx_word' id='word_1_296' title='bbox 994 3183 1143 3223; x_wconf 85' lang='lat' dir='ltr'><strong>Annal.</strong></span> <span class='ocrx_word' id='word_1_297' title='bbox 1160 3196 1201 3233; x_wconf 89' lang='lat' dir='ltr'><strong>p.</strong></span> <span class='ocrx_word' id='word_1_298' title='bbox 1224 3183 1319 3222; x_wconf 88' lang='grc'><strong>584.</strong></span> <span class='ocrx_word' id='word_1_299' title='bbox 1379 3183 1510 3223; x_wconf 82' lang='lat' dir='ltr'><strong>Offa&#39;s</strong></span> <span class='ocrx_word' id='word_1_300' title='bbox 1529 3182 1727 3233; x_wconf 88' lang='lat' dir='ltr'><strong>kingdom</strong></span> <span class='ocrx_word' id='word_1_301' title='bbox 1747 3183 1802 3234; x_wconf 86' lang='lat' dir='ltr'><strong>by</strong></span> <span class='ocrx_word' id='word_1_302' title='bbox 1820 3183 1890 3222; x_wconf 89' lang='lat' dir='ltr'><strong>the</strong></span> <span class='ocrx_word' id='word_1_303' title='bbox 1920 3183 2079 3221; x_wconf 86' lang='lat' dir='ltr'><strong>Roman</strong></span> <span class='ocrx_word' id='word_1_304' title='bbox 2108 3195 2296 3234; x_wconf 88' lang='lat' dir='ltr'><strong>emperor</strong></span> <span class='ocrx_word' id='word_1_305' title='bbox 2314 3184 2351 3223; x_wconf 91' lang='lat' dir='ltr'><strong>is</strong></span> 
     </span>
    </p>

    <p class='ocr_par' dir='ltr' id='par_1_6' title="bbox 342 3250 2350 3373">
     <span class='ocr_line' id='line_1_33' title="bbox 397 3250 2350 3306; baseline -0.002 -12"><span class='ocrx_word' id='word_1_306' title='bbox 397 3256 421 3279; x_wconf 70' lang='lat'><strong>²*</strong></span> <span class='ocrx_word' id='word_1_307' title='bbox 450 3256 549 3294; x_wconf 87' lang='lat' dir='ltr'><strong>This</strong></span> <span class='ocrx_word' id='word_1_308' title='bbox 578 3255 745 3306; x_wconf 87' lang='lat' dir='ltr'><strong>chapter</strong></span> <span class='ocrx_word' id='word_1_309' title='bbox 772 3266 943 3305; x_wconf 86' lang='lat' dir='ltr'><strong>appears</strong></span> <span class='ocrx_word' id='word_1_310' title='bbox 973 3256 1016 3291; x_wconf 88' lang='lat' dir='ltr'><strong>to</strong></span> <span class='ocrx_word' id='word_1_311' title='bbox 1053 3252 1105 3291; x_wconf 87' lang='lat' dir='ltr'><strong>be</strong></span> <span class='ocrx_word' id='word_1_312' title='bbox 1132 3251 1204 3290; x_wconf 89' lang='lat' dir='ltr'><strong>the</strong></span> <span class='ocrx_word' id='word_1_313' title='bbox 1241 3250 1313 3289; x_wconf 89' lang='lat' dir='ltr'><strong>ab·</strong></span> <span class='ocrx_word' id='word_1_314' title='bbox 1375 3264 1398 3290; x_wconf 87' lang='lat' dir='ltr'><strong>a</strong></span> <span class='ocrx_word' id='word_1_315' title='bbox 1426 3264 1536 3290; x_wconf 88' lang='lat' dir='ltr'><strong>mere</strong></span> <span class='ocrx_word' id='word_1_316' title='bbox 1566 3251 1686 3289; x_wconf 82' lang='lat' dir='ltr'><strong>sable.</strong></span> <span class='ocrx_word' id='word_1_317' title='bbox 1747 3250 1798 3289; x_wconf 91' lang='lat' dir='ltr'><strong>In</strong></span> <span class='ocrx_word' id='word_1_318' title='bbox 1829 3250 1898 3289; x_wconf 90' lang='lat' dir='ltr'><strong>the</strong></span> <span class='ocrx_word' id='word_1_319' title='bbox 1933 3250 2028 3290; x_wconf 88' lang='lat' dir='ltr'><strong>MS.</strong></span> <span class='ocrx_word' id='word_1_320' title='bbox 2063 3251 2135 3290; x_wconf 87' lang='lat' dir='ltr'><strong>the</strong></span> <span class='ocrx_word' id='word_1_321' title='bbox 2164 3263 2283 3290; x_wconf 88' lang='lat' dir='ltr'><strong>name</strong></span> <span class='ocrx_word' id='word_1_322' title='bbox 2315 3251 2350 3290; x_wconf 91' lang='lat' dir='ltr'><strong>is</strong></span> 
     </span>
     <span class='ocr_line' id='line_1_34' title="bbox 342 3318 2120 3373; baseline -0.002 -11"><span class='ocrx_word' id='word_1_323' title='bbox 342 3327 469 3363; x_wconf 84' lang='lat' dir='ltr'><strong>straet</strong></span> <span class='ocrx_word' id='word_1_324' title='bbox 498 3324 544 3362; x_wconf 83' lang='lat' dir='ltr'><strong>of</strong></span> <span class='ocrx_word' id='word_1_325' title='bbox 569 3336 680 3363; x_wconf 90' lang='lat' dir='ltr'><strong>some</strong></span> <span class='ocrx_word' id='word_1_326' title='bbox 710 3322 909 3362; x_wconf 85' lang='lat' dir='ltr'><strong>medieval</strong></span> <span class='ocrx_word' id='word_1_327' title='bbox 940 3319 1134 3373; x_wconf 86' lang='lat' dir='ltr'><strong>(perhaps</strong></span> <span class='ocrx_word' id='word_1_328' title='bbox 1155 3320 1313 3371; x_wconf 87' lang='lat' dir='ltr'><strong>Anglo-</strong></span> <span class='ocrx_word' id='word_1_329' title='bbox 1376 3319 1514 3358; x_wconf 82' lang='lat' dir='ltr'><strong>Grado</strong></span> <span class='ocrx_word' id='word_1_330' title='bbox 1533 3319 1576 3357; x_wconf 92' lang='lat' dir='ltr'><strong>in</strong></span> <span class='ocrx_word' id='word_1_331' title='bbox 1596 3318 1666 3358; x_wconf 88' lang='lat' dir='ltr'><strong>the</strong></span> <span class='ocrx_word' id='word_1_332' title='bbox 1684 3318 1774 3358; x_wconf 87' lang='lat' dir='ltr'><strong>first</strong></span> <span class='ocrx_word' id='word_1_333' title='bbox 1796 3322 1876 3358; x_wconf 88' lang='lat' dir='ltr'><strong>two</strong></span> <span class='ocrx_word' id='word_1_334' title='bbox 1899 3318 2120 3359; x_wconf 83' lang='lat' dir='ltr'><strong>instances.</strong></span> 
     </span>
    </p>
   </div>
  </div>
 </body>
</html>
