2638 3860
320 341 423 392 cap.
444 340 506 391 v.]
955 338 1033 372 DE
1076 338 1261 374 NUGIs
1305 338 1683 374 comAmUM.
2221 328 2318 374 135

873 539 955 589 De
980 539 1201 589 Rollone
1226 543 1276 589 et
1296 539 1403 605 qius
1431 554 1609 590 acrore.
1683 556 1735 590 v.

366 646 542 710 Rollo,
569 645 651 698 vir
681 644 859 714 magni
893 645 1128 698 nominis
1155 653 1210 698 et
1234 646 1502 715 praeclarae
1542 645 1767 711 militiae,
1794 645 2037 698 moribus
2078 653 2134 699 et
2168 647 2319 699 omni

294 739 439 783 statu
455 732 599 795 felix,
618 750 742 783 cum
763 749 874 783 non
895 739 1039 783 esset
1058 731 1359 801 zelotypuS,
1381 730 1799 801 pulcherrimam
1819 730 2055 783 habebat
2073 749 2317 796 uxorem,

292 819 444 888 cujus
483 835 663 870 amore
705 816 993 885 languebat
1036 817 1247 869 vicinus
1298 835 1449 886 puer,
1502 819 1692 881 forma,
1737 836 1948 887 genere,
1997 817 2217 883 divitiis,
2263 825 2319 870 et

293 905 497 974 optima
521 904 703 956 indole
731 921 920 955 omnes
947 902 1159 955 illarum
1194 903 1429 972 partium
1473 903 1741 955 excedens
1782 922 2000 973 puerOS,
2044 922 2146 957 nec
2190 904 2321 974 quid

293 999 531 1061 speraret
545 990 779 1042 habebat
787 1010 802 1055 3
829 989 1139 1041 fortissimis
1161 989 1304 1041 enim
1324 989 1590 1058 negativis
1612 989 1873 1058 depulsus
1900 1008 2083 1042 secum
2110 991 2321 1062 lachry-

294 1095 481 1128 mosus
507 1077 717 1127 intente
745 1074 1021 1144 quaerebat
1046 1075 1176 1145 quid
1193 1075 1296 1127 sibi
1313 1075 1526 1127 deceret
1546 1075 1611 1126 ad
1634 1075 1888 1126 meritum
1909 1076 2127 1128 amoris.
2186 1077 2319 1129 Rol-

292 1163 474 1214 lonem
500 1162 721 1214 tandem
747 1160 986 1230 respicit,
1014 1161 1241 1213 militem
1270 1160 1627 1213 serenissimae
1653 1162 1829 1226 famae,
1861 1179 1918 1213 se
1937 1180 2067 1214 vero
2087 1180 2222 1231 puer
2249 1182 2319 1215 tm

289 1247 432 1300 inter
471 1255 625 1317 septa
668 1265 931 1300 cunarum
968 1247 1144 1299 adhuc
1171 1254 1475 1299 morantem
1502 1246 1639 1298 nihil
1665 1246 1855 1316 egisse,
1880 1247 2017 1298 nihil
2047 1248 2319 1317 egregium

290 1332 520 1402 gessisse
537 1353 552 1396 3
586 1332 699 1401 jam
722 1350 778 1384 se
799 1331 991 1383 merito
1011 1340 1253 1401 spretum
1273 1332 1487 1396 dicit,et
1506 1331 1616 1383 nisi
1632 1332 1976 1400 praevaluerit
1994 1351 2105 1384 non
2126 1333 2319 1387 debere

291 1419 553 1487 praeponi.
633 1417 796 1468 Suam
825 1417 900 1468 ait
925 1417 1185 1486 injustam
1217 1417 1558 1486 petitionem,
1585 1417 1730 1469 illius
1770 1418 2131 1487 justissimam
2158 1438 2321 1488 nega-

292 1505 514 1556 tionem.
588 1503 626 1556 J
629 1523 714 1555 am
740 1512 1011 1572 properat,
1032 1503 1144 1572 jam
1173 1504 1390 1555 anhelat
1415 1504 1483 1555 ad
1509 1522 1673 1568 arma,
1706 1504 1820 1573 jam
1859 1505 2112 1557 omnibus
2151 1506 2319 1558 inter-

293 1599 405 1643 rest
429 1590 629 1659 ubique
651 1589 1047 1658 congressibuS,
1074 1597 1129 1642 et
1154 1590 1378 1642 edoctus
1404 1590 1712 1659 praeliorum
1739 1591 1984 1656 astutiaS,
2017 1592 2317 1656 varietateS,

295 1685 350 1729 et
399 1696 573 1741 caSUS,
626 1676 692 1728 ab
746 1676 866 1745 ipso
904 1676 1132 1728 Rollone
1171 1676 1375 1728 militiae
1420 1677 1692 1746 cingulum
1733 1677 1945 1746 accipit,
1988 1687 2051 1730 ut
2086 1679 2316 1747 proinde

297 1761 399 1813 sibi
443 1761 538 1813 fiat
576 1761 863 1829 acceptior,
891 1768 946 1812 et
986 1761 1163 1830 possit
1203 1761 1437 1814 dominae
1478 1762 1789 1814 familiarius
1836 1762 2001 1832 loqui,
2029 1764 2115 1815 vel
2157 1765 2320 1834 signi-

295 1847 456 1899 ficare
492 1846 639 1916 quod
680 1846 844 1910 dolet,
872 1853 927 1898 et
961 1846 1006 1897 si
1042 1864 1170 1911 non,
1196 1846 1292 1898 ubi
1324 1853 1538 1899 tantum
1578 1865 1696 1899 eam
1732 1847 1915 1899 videre
1943 1847 2137 1901 debeat
2173 1851 2318 1903 idem

292 1934 495 1987 fecerit.
546 1932 679 1984 Exit
705 1933 870 2002 igitur
890 1951 1213 2002 quocunque
1234 1933 1416 2002 ipsum
1443 1933 1698 2003 magister
1723 1953 1874 1986 amor
1894 1943 2084 1987 evocat
2110 1937 2177 1988 ad
2204 1955 2321 1989 om-

293 2039 389 2081 nes
416 2027 646 2071 armatas
669 2019 963 2071 seditiones
989 2019 1076 2071 vel
1106 2018 1266 2083 rian,
1295 2026 1351 2070 et
1376 2037 1753 2089 quamcunque
1774 2027 2082 2090 torpentem
2111 2031 2207 2075 aut
2234 2043 2320 2077 so-

293 2106 463 2175 pitam
506 2105 704 2174 reperit
745 2105 944 2157 excitat
977 2113 1032 2157 et
1073 2105 1322 2174 perducit
1359 2105 1424 2156 ad
1475 2123 1768 2169 summum,
1795 2114 1851 2158 et
1897 2126 2008 2159 non
2044 2111 2319 2177 perductis

295 2192 537 2245 omnium
564 2200 648 2244 est
672 2192 990 2261 potissimus
1018 2199 1072 2242 et
1097 2191 1527 2260 potentissimus.
1604 2192 1806 2244 Evadit
1845 2193 1901 2244 in
1940 2193 2092 2246 brevi
2132 2196 2318 2250 laudes

292 2278 503 2331 viciniae
529 2277 839 2346 praecellens
867 2275 1140 2340 omnibus,
1167 2283 1222 2327 et
1258 2294 1370 2327 non
1395 2284 1747 2329 transcensus
1775 2279 1844 2330 ad
1871 2280 2103 2348 majores
2131 2300 2319 2334 accen-

294 2366 456 2417 ditur.
531 2364 716 2416 Vincit
766 2364 987 2414 serratas
1032 2361 1192 2426 acieS‚
1219 2380 1402 2414 muros
1451 2370 1506 2414 et
1551 2370 1744 2427 turreS,
1785 2371 1840 2416 et
1884 2365 1975 2434 qui
2019 2368 2320 2420 transvehit

292 2451 472 2521 ipsum
500 2451 709 2502 animus
737 2450 803 2501 ad
822 2467 1009 2501 omnes
1036 2449 1287 2501 victorias
1308 2468 1338 2500 a
1360 2448 1537 2518 seipso
1563 2450 1939 2516 effoeminatur,
1968 2452 2062 2503 sed
2088 2453 2321 2506 infoemi-

293 2548 452 2590 natur
483 2537 737 2608 quoniam
772 2537 829 2589 in
864 2535 1172 2588 foemineam
1200 2535 1395 2587 transit
1421 2535 1816 2604 impotentiam,
1837 2545 1899 2588 ut
1927 2555 2110 2590 earum
2146 2541 2319 2593 instar

294 2627 409 2678 sine
434 2632 683 2695 respectu
709 2631 835 2694 post
876 2631 1004 2675 vota
1043 2629 1221 2674 currat
1247 2621 1363 2674 ovis
1389 2621 1537 2673 intus
1565 2630 1619 2674 et
1642 2623 1727 2675 leo
1754 2624 1901 2688 foriS,
1929 2632 1984 2677 et
2010 2626 2101 2694 qui
2141 2636 2314 2680 castra

295 2713 560 2766 subvertit
578 2720 885 2764 exterorum
911 2729 941 2761 a
968 2708 1278 2761 domesticis
1297 2709 1436 2760 curis
1464 2717 1727 2762 castratus
1750 2712 2063 2776 emollescit,
2087 2714 2313 2784 plangit,

293 2807 559 2869 precatur,
576 2807 631 2850 et
651 2798 840 2867 plorat.
907 2796 1009 2848 Illa
1035 2815 1145 2848 non
1166 2804 1228 2847 ut
1251 2795 1402 2865 virgo
1429 2796 1517 2848 vel
1543 2796 1746 2866 virago,
1769 2798 1863 2849 sed
1892 2807 1951 2850 ut
1976 2799 2059 2850 vir
2086 2800 2318 2853 devovet

296 2893 351 2938 et
378 2884 598 2953 spernit,
626 2891 681 2935 et
706 2883 1115 2952 quibuscunque
1155 2889 1340 2951 potest
1377 2883 1553 2934 modis
1580 2883 1637 2934 in
1674 2883 2103 2952 desperationem
2130 2886 2316 2940 trudit.

299 2968 542 3037 Contigit
573 2975 636 3018 ut
661 2967 746 3019 die
773 2967 1001 3036 quadam
1026 2966 1129 3018 iter
1173 2966 1388 3018 facienti
1428 2967 1645 3018 Rolloni
1682 2967 1735 3018 in
1780 2968 1997 3019 dextera
2034 2969 2177 3021 illius
2204 2979 2316 3023 tam

298 3055 610 3107 desideratae
653 3053 836 3104 uxoris
879 3071 991 3104 suae
1033 3051 1186 3103 fieret
1228 3050 1420 3103 obvius
1465 3052 1755 3121 praedictus
1790 3053 2023 3121 juveniS,
2052 3073 2210 3124 quem
2250 3075 2317 3108 ex

297 3140 518 3193 nomine
546 3138 845 3206 designavit
875 3139 1098 3201 Resrm,
1125 3137 1514 3206 conductisque
1558 3137 1690 3206 ipsis
1733 3138 2123 3208 aliquantulum
2163 3143 2316 3211 quasi

300 3226 532 3278 dominis
561 3232 615 3277 et
640 3224 932 3293 majoribus
959 3223 1206 3292 benignis
1247 3230 1303 3274 et
1343 3223 1677 3292 supplicibus
1712 3224 1907 3290 verbiS,
1935 3226 2078 3278 dicta
2123 3229 2314 3293 salute,

297 3312 564 3381 migraret.
641 3311 741 3363 Illa
767 3309 1049 3362 dissimilat
1086 3309 1395 3362 insolenter.
1474 3310 1630 3362 Rollo
1657 3329 1783 3364 vero
1811 3311 1904 3364 diu
1938 3313 2157 3383 respicit
2182 3315 2314 3368 emi-
