2638 3860
316 342 418 394 Cap.
440 341 496 381 iv.
516 341 580 392 v.]
914 339 992 374 DE
1035 338 1221 375 NUGIs
1264 339 1641 375 CURIALIUM.
2204 319 2268 380 71

263 466 515 520 terciensi
541 466 795 536 capitulo,
822 474 1042 536 rogatus
1084 475 1169 520 est
1202 487 1232 519 a
1274 468 1508 537 quodam
1548 465 1817 518 monacho
1854 461 1999 515 illius
2035 461 2273 527 claustri,

265 553 358 623 qui
400 551 687 622 gibbosum
724 551 960 604 habebat
986 560 1041 604 et
1074 560 1339 604 retortum
1377 572 1408 604 a
1447 552 1728 604 nativitate
1765 551 1980 621 pedem,
2020 548 2274 618 quatinus

266 639 383 708 ejus
408 639 718 691 interventu
760 658 923 690 sanus
957 639 1112 691 fieret
1132 661 1147 705 3
1193 640 1286 709 qui
1325 640 1528 692 ducens
1567 638 1896 690 monachum
1931 654 2193 699 seorsum,
2220 641 2276 687 et

268 743 393 777 eum
419 724 476 775 in
504 743 722 776 scamno
763 725 947 776 sedere
973 725 1118 790 fecit,
1157 733 1212 777 et
1251 725 1557 777 discalciato
1597 742 1661 776 eo
1689 741 1869 775 coram
1893 721 2014 791 ipso
2045 721 2274 790 genibus

268 811 455 863 orabat
480 810 654 874 flexiS,
679 810 875 879 pedem
902 810 1055 861 illum
1081 811 1292 862 nudum
1330 812 1472 863 inter
1509 829 1703 862 manus
1727 809 1954 860 habens,
2029 806 2278 860 Accessit

266 897 431 966 igitur
456 895 710 965 magister
738 897 908 962 SerIO,
934 915 1224 966 auremque
1251 915 1532 966 apponens
1564 895 1772 949 audivit
1797 894 2079 946 dominum
2105 893 2280 946 archi-

271 982 604 1051 episcopum,
632 1000 756 1033 cum
799 982 951 1051 quasi
990 1000 1281 1051 percussus
1308 1002 1339 1034 a
1375 982 1641 1034 monacho
1678 980 1955 1045 resilisset,
1982 987 2037 1032 et
2061 997 2279 1049 respex-

268 1068 402 1120 isset
441 1068 786 1131 monachum,
825 1067 1152 1119 admiranter
1188 1068 1279 1133 ait,
1317 1071 1353 1097 “
1370 1069 1574 1133 Frater,
1615 1067 1808 1119 melius
1849 1074 1933 1120 est
1972 1065 2072 1118 tibi
2105 1084 2279 1118 unum

268 1155 464 1223 pedem
489 1153 782 1205 habentem
819 1154 1020 1206 intrare
1059 1154 1117 1205 in
1157 1172 1383 1223 regnum
1419 1154 1694 1217 coelorum,
1729 1171 1890 1221 quam
1917 1171 2041 1204 cum
2068 1151 2282 1204 duobus

268 1241 326 1292 in
356 1239 678 1291 Gehennam
703 1237 866 1302 mitti,
893 1246 948 1290 et
974 1238 1180 1290 dimisit
1205 1240 1405 1305 eum'';
1432 1247 1489 1291 et
1513 1258 1636 1291 cum
1671 1239 1729 1290 in
1757 1238 2038 1291 Serlonem
2063 1254 2284 1307 respex-

269 1327 420 1390 isset,
439 1325 532 1390 ait,
559 1326 796 1376 “Frater
823 1324 994 1389 Ser10,
1023 1324 1068 1376 si
1093 1343 1180 1377 me
1198 1326 1475 1378 Dominus
1502 1326 1570 1378 ad
1594 1326 1773 1377 fratris
1799 1326 1962 1394 hujus
1984 1343 2168 1377 curam
2189 1323 2282 1376 ad-

273 1411 528 1474 misisset,
553 1410 735 1479 ipsum
762 1410 1089 1462 amisisset.''
1173 1411 1338 1465 Quod
1364 1412 1583 1481 quidam
1609 1411 1779 1481 magis
1804 1410 2140 1480 impotentiae
2167 1411 2284 1480 ejus

276 1517 436 1567 quam
462 1496 816 1566 praescientiae
844 1497 1130 1565 deputans,
1158 1497 1254 1549 sed
1279 1504 1342 1548 ut
1378 1497 1632 1566 probaret
1658 1497 1803 1567 quod
1840 1496 2005 1548 fiebat
2033 1495 2286 1548 Cisterci-

277 1584 394 1636 ensi
437 1582 619 1634 abbati
665 1581 847 1633 omnia
889 1581 1117 1646 rettulit,
1162 1581 1429 1634 instanter
1471 1590 1664 1652 petens
1721 1581 1973 1651 quatinus
2018 1582 2285 1634 monacho

278 1687 523 1721 seorsum
538 1675 730 1720 vocato
742 1667 959 1737 juberet
979 1686 1103 1719 eum
1124 1666 1306 1719 omnia
1325 1667 1498 1719 fateri.
1576 1667 1686 1721 Qui
1706 1667 1913 1736 juSSUS,
1934 1666 2024 1728 ait,
2054 1670 2089 1696 “
2110 1667 2286 1731 Pater,

278 1774 402 1807 cum
426 1773 719 1824 generosus
755 1761 812 1806 et
835 1754 1211 1822 pulcherrimae
1236 1753 1503 1823 prosapiae
1533 1753 1653 1818 fuit,
1692 1753 1881 1805 videns
1917 1771 2004 1804 me
2028 1752 2121 1805 illo
2147 1753 2287 1821 pede

278 1841 520 1910 cognatis
547 1840 681 1892 meis
722 1840 1039 1892 dissimilem
1065 1848 1120 1892 et
1152 1858 1325 1909 usque
1363 1840 1431 1892 ad
1464 1840 1696 1892 ludibria
1722 1840 2036 1904 deformem,
2063 1857 2161 1908 pro
2186 1857 2290 1908 pu-

280 1929 409 1979 dore
447 1926 764 1996 abjectionis
806 1927 913 1978 huc
959 1945 1045 1978 me
1073 1926 1359 1990 destinavi,
1394 1945 1540 1978 nunc
1567 1934 1748 1978 autem
1776 1944 1900 1977 cum
1919 1925 2115 1994 pedem
2134 1925 2289 1977 illum

282 2012 535 2066 dominus
564 2013 757 2064 Petrus
801 2012 858 2063 in
901 2011 1153 2063 manibus
1199 2011 1550 2076 confovisset,
1593 2010 1879 2063 videbatur
1919 2009 2051 2061 mihi
2092 2010 2291 2063 sentire

284 2099 471 2150 salutis
512 2098 824 2163 adventum,
868 2098 1148 2167 nactisque
1188 2097 1442 2167 primitiis
1487 2097 1790 2168 cogitabam
1842 2097 1970 2149 illuc
2012 2094 2311 2150 laetissime

282 2185 478 2238 reverti
502 2185 647 2237 unde
669 2203 768 2254 pro
794 2185 1002 2254 pudore
1029 2184 1199 2236 tristis
1227 2184 1422 2237 exivi.’'

821 2355 959 2408 Item
979 2357 1042 2408 de
1066 2359 1240 2408 eodem
1268 2358 1411 2409 beato
1438 2358 1624 2409 Petro,
1698 2375 1750 2408 v.

359 2456 527 2510 Aliud
546 2455 708 2509 etiam
728 2455 862 2507 mihi
887 2456 1203 2508 miraculum
1223 2456 1403 2525 ipsum
1423 2456 1480 2507 in
1507 2455 1738 2507 crastina
1754 2455 1945 2507 fecisse
1971 2455 2115 2507 idem
2143 2454 2294 2508 Serlo

289 2543 542 2595 narravit.
645 2542 963 2594 Sermonem
1015 2541 1243 2593 faciebat
1281 2542 1442 2610 jussu
1493 2541 1872 2593 Cisterciensis
1917 2542 1985 2592 ad
2028 2541 2294 2610 populum

292 2630 564 2698 dompnus
593 2628 803 2691 PetruS,
831 2645 991 2696 quem
1017 2627 1417 2695 interrumpens
1455 2626 1648 2678 mulier
1673 2627 1918 2695 quaedam
1946 2644 2070 2677 cum
2097 2643 2293 2694 magno

292 2715 495 2785 ejulatu
538 2713 829 2783 plangebat
861 2713 963 2764 sibi
1006 2712 1228 2764 bursam
1265 2711 1472 2764 domini
1515 2711 1758 2763 recisam.
1836 2710 2089 2762 Indicens
2132 2710 2298 2780 igitur

293 2800 729 2869 archiepiscopus
774 2799 1027 2852 omnibus
1069 2798 1363 2863 silentium,
1401 2798 1586 2849 multis
1623 2797 1874 2867 precibus
1907 2797 2043 2848 fusis
2083 2805 2147 2849 ut
2185 2815 2299 2849 res-

293 2886 582 2938 titueretur
606 2886 903 2937 lacrimosae
936 2884 1221 2955 peccatrici
1256 2883 1402 2953 quod
1438 2882 1747 2953 perdiderat
1771 2881 1982 2952 petivit,
2027 2888 2082 2933 et
2105 2881 2297 2934 videns

294 2971 636 3022 hortamenta
661 2970 864 3034 delusa,
890 2971 1111 3021 tandem
1153 2969 1243 3033 ait,
1271 2972 1306 2998 ‘⁶
1326 2969 1595 3037 Magnum
1631 2967 1785 3019 illum
1826 2986 1951 3019 cum
1986 2967 2145 3019 mitra
2174 2986 2300 3020 can-

297 3055 422 3107 dida
449 3053 662 3118 sumite,
686 3071 1048 3122 nummosque
1075 3053 1175 3104 sub
1202 3053 1395 3105 ascella
1420 3054 1535 3121 ejus
1558 3052 1825 3104 sinistra.''
1903 3052 2147 3121 Sumptis
2174 3071 2299 3123 ergo

296 3149 359 3193 ut
383 3157 542 3192 verus
569 3138 835 3207 propheta
868 3138 1106 3206 jusserat
1129 3137 1219 3189 ille
1246 3145 1302 3189 et
1334 3137 1576 3203 redditis,
1604 3137 1853 3207 quaesivit
1889 3137 2140 3190 dominus
2165 3139 2300 3190 furis

301 3225 368 3278 ab
415 3223 818 3292 archiepiscopo
860 3223 1007 3292 quod
1051 3222 1118 3274 de
1158 3223 1275 3274 fure
1314 3222 1432 3274 fieri
1472 3223 1669 3289 vellet3
1712 3222 1798 3275 cui
1841 3223 1978 3294 ipse,
2022 3223 2302 3289 “Sinite,”

299 3311 495 3380 inquit,
546 3313 723 3362 “eum
749 3308 914 3374 abire,
942 3308 1067 3378 quia
1092 3307 1287 3379 corripi
1312 3315 1512 3379 potest,
1540 3309 1726 3379 corrigi
1756 3317 1937 3363 autem
1963 3328 2076 3364 non
2100 3310 2302 3363 nune.”
