2638 3860
302 328 400 378 cap.
422 327 512 376 xv.]
976 326 1052 360 DE
1083 325 1267 361 NUGIS
1298 324 1672 360 CURIAIAUM.
2191 316 2290 362 189

271 467 406 519 nihil
424 466 667 519 sumu8.'’
709 467 863 519 Tunc
881 467 1114 536 sapienS,
1142 470 1174 495 ‘⁶
1194 467 1417 519 Mecum
1438 466 1620 518 veniat
1637 465 1893 518 Salomon
1910 485 2034 519 cum
2052 467 2162 519 filia
2177 476 2288 534 tua,

271 563 333 606 ut
359 553 518 604 nobis
545 552 726 620 ipsum
752 552 982 604 lenitum
1009 552 1354 604 reddamUS.''
1431 552 1614 605 Secuti
1655 560 1784 604 sunt
1817 570 1943 622 ergo
1971 554 2289 622 sapientem,

271 640 468 710 quibus
498 640 668 692 Camo
708 639 979 691 mandatis
1006 657 1128 691 cum
1165 639 1399 690 maxima
1426 638 1658 690 militum
1685 657 1887 709 pompa
1913 641 2160 703 occurrit,
2202 643 2289 694 cui

273 727 505 795 sapienS,
548 730 581 755 “
601 726 872 778 Dominus
900 733 1086 777 noster
1114 725 1391 790 Salomon,
1427 744 1587 795 quem
1622 725 1781 777 nobis
1818 726 1961 795 leges
1988 735 2204 795 patrum
2234 738 2289 780 et

266 814 388 882 jura
415 812 737 882 praeficiunt,
757 830 885 864 suos
913 811 1071 864 nobis
1098 812 1335 881 resignat
1360 829 1588 876 amoreS,
1617 812 1907 864 Hermonis
1928 813 2093 864 filiam
2119 813 2288 867 intac-

273 908 403 963 tam,
436 908 498 950 ut
527 898 618 968 qui
657 898 864 967 priores
900 897 1212 950 adolevistis
1250 898 1306 949 in
1345 915 1467 949 eam
1503 897 1654 965 ignes
1691 896 1890 949 crebris
1930 917 2042 950 non
2076 900 2287 953 fraude-

273 986 405 1037 mini
432 985 649 1054 cupitiS,
678 1003 936 1054 suamque
962 985 1299 1037 voluntatem
1336 983 1568 1048 abdicat,
1593 991 1656 1035 ut
1680 991 1874 1036 vestrae
1907 986 2149 1051 satisfiat,
2175 997 2287 1040 tor-

273 1072 424 1141 queri
462 1073 669 1124 malens
708 1072 796 1123 vel
839 1071 940 1135 uri,
980 1090 1139 1140 quam
1179 1078 1334 1122 tanto
1375 1069 1548 1122 amico
1573 1069 1717 1120 viam
1752 1071 1956 1139 aperire
1996 1074 2285 1125 scandali.'’

271 1160 465 1212 Victus
491 1160 656 1227 igitur
682 1160 781 1211 hac
805 1158 1123 1211 liberalitate
1152 1157 1341 1221 CamO,
1382 1157 1727 1209 Salomonem
1764 1175 1863 1227 pro
1894 1159 2197 1213 humilitate
2231 1170 2287 1214 et

271 1245 441 1297 amica
478 1245 689 1297 reddita
727 1244 1000 1308 exaltavit,
1037 1252 1092 1296 et
1137 1262 1249 1296 suae
1295 1242 1626 1295 deditionem
1669 1243 1886 1295 virtutis
1932 1252 1987 1296 et
2026 1246 2285 1300 auxilium

271 1330 541 1400 promisit.
599 1329 874 1382 Omnibus
894 1329 979 1380 his
1001 1329 1172 1398 pactis
1200 1328 1267 1380 ab
1295 1329 1530 1397 Ylispon
1556 1328 1772 1394 auditis,
1799 1329 2036 1382 collectis
2062 1332 2285 1399 viribus,

271 1415 527 1468 adversus
556 1414 902 1466 Salomonem
937 1422 1208 1483 properat,
1249 1414 1390 1466 diem
1428 1413 1568 1466 bello
1604 1414 1850 1484 praefigit.
1925 1416 2287 1485 Vigilantissi-

271 1520 392 1553 mus
427 1501 515 1552 ille
556 1519 721 1552 senex
759 1501 824 1552 de
854 1500 1100 1552 Kimelec
1126 1500 1303 1552 locum
1332 1499 1459 1551 belli
1487 1499 1711 1568 singulis
1747 1501 1991 1569 explorat
2016 1504 2285 1570 noctibus,

270 1588 433 1640 situm
457 1587 660 1639 scilicet
684 1587 788 1640 loci
825 1587 1113 1656 optimum,
1139 1586 1196 1637 in
1215 1586 1307 1638 illo
1335 1586 1650 1650 adventum,
1672 1587 1981 1653 stationem,
2009 1589 2286 1659 effugium.

272 1676 449 1727 Nocte
488 1675 651 1744 igitur
683 1675 740 1725 id
792 1673 1038 1736 faciebat,
1079 1691 1147 1725 ne
1182 1673 1467 1724 manifesta
1500 1672 1653 1724 fieret
1687 1673 1937 1726 hostibus
1980 1694 2076 1727 sua
2127 1678 2286 1730 sedu-

269 1762 410 1827 litas,
448 1770 511 1813 ut
549 1762 635 1813 vel
673 1762 853 1813 locum
894 1768 1166 1812 mutarent
1204 1759 1327 1828 quia
1366 1759 1723 1828 exploratum,
1763 1760 1851 1813 vel
1886 1761 1993 1830 ipsi
2037 1765 2286 1834 exemplo

271 1849 387 1918 ejus
413 1847 557 1899 idem
584 1848 839 1899 facerent.
916 1845 1163 1914 Contigit
1196 1845 1301 1914 ipsi
1326 1845 1465 1898 visio
1497 1864 1609 1897 non
1646 1846 1947 1899 omittenda
1973 1857 2133 1901 nocte
2161 1859 2286 1905 ante

271 1934 471 1985 bellum
514 1934 776 2003 proxima,
816 1932 962 2002 quod
1001 1933 1068 1983 ad
1106 1931 1353 1984 arborem
1391 1931 1638 1999 praedicti
1675 1931 1781 1984 loci
1818 1933 2029 1986 veniret
2054 1935 2287 2005 Ylispon

273 2021 437 2084 soluS,
476 2028 531 2071 et
563 2019 683 2088 ipso
717 2018 936 2070 vidente
973 2019 1172 2070 faceret
1212 2017 1534 2069 sacrificium
1576 2017 1679 2069 diis
1717 2018 2088 2085 infernalibus,
2134 2023 2286 2092 cujus

269 2106 541 2157 instantiae
567 2105 788 2157 tandem
814 2123 1137 2174 responsum
1164 2113 1265 2169 est,
1293 2113 1354 2155 ut
1380 2104 1471 2173 qui
1496 2104 1643 2173 prior
1668 2105 1903 2158 crastino
1929 2107 2056 2159 illuc
2076 2107 2284 2161 inveni-

271 2202 419 2244 retur
443 2192 615 2244 victor
651 2191 822 2254 fieret,
863 2192 1100 2260 dumque
1142 2191 1210 2242 ad
1252 2209 1380 2242 suos
1424 2190 1562 2242 bella
1598 2191 1963 2260 dispositurus
1998 2195 2287 2247 revertitur

269 2280 397 2331 illuc
442 2278 624 2330 statim
661 2278 1034 2347 repedaturus,
1093 2276 1307 2346 sapiens
1346 2277 1414 2327 ad
1453 2277 1634 2328 locum
1675 2264 1897 2330 adducit
1938 2279 2284 2334 Salomonem

271 2367 328 2418 in
363 2366 702 2428 antelucanO,
740 2372 802 2416 ut
832 2362 1206 2427 nunciabatur,
1246 2362 1498 2432 priorque
1531 2362 1787 2415 inventus
1824 2372 1923 2416 est.
2003 2365 2283 2420 Ordinatis

273 2452 438 2521 igitur
481 2451 665 2504 cuneis
715 2449 1020 2503 Salomonis
1063 2449 1130 2501 ad
1166 2448 1364 2500 bellum
1403 2466 1433 2498 a
1473 2447 1715 2516 sapiente
1772 2457 1993 2501 centum
2030 2451 2287 2521 relinquit

274 2539 470 2590 milites
497 2538 553 2590 in
593 2537 915 2602 subsidium,
955 2544 1099 2588 retro
1127 2535 1419 2604 phalanges
1446 2534 1502 2586 in
1531 2534 1737 2586 silvulae
1765 2535 2032 2589 densitate
2058 2536 2287 2591 abscon-

273 2627 434 2690 ditos,
461 2634 515 2677 et
539 2633 601 2676 ut
620 2623 856 2676 breviter
882 2623 1129 2675 confecto
1157 2621 1396 2674 exercitu
1415 2620 1651 2690 Ylispon
1678 2629 1733 2672 et
1759 2621 2014 2691 effugato,
2042 2625 2285 2694 sapiente

272 2732 399 2765 vero
426 2731 551 2764 cum
579 2720 788 2780 septem
815 2710 939 2762 filiis
969 2709 1164 2773 occis0,
1191 2715 1495 2760 revertente
1524 2707 1801 2759 Salomoni
1828 2727 1950 2760 curn
1978 2710 2284 2778 quindecim

276 2798 556 2862 militibus,
620 2797 826 2849 caeteris
887 2795 1140 2848 omnibus
1198 2792 1407 2857 occisiS,
1472 2800 1698 2861 excepto
1750 2793 1895 2862 quod
1945 2793 2050 2864 ipsi
2100 2796 2285 2850 aderat

274 2885 507 2937 Leucius
536 2902 602 2936 ex
632 2883 1000 2952 confraganeis
1023 2882 1134 2933 suis
1155 2899 1276 2932 cum
1299 2879 1519 2948 triginta
1539 2897 1632 2930 sex
1659 2879 1890 2948 propriis
1913 2880 2043 2943 suiS,
2069 2881 2286 2936 videns-

272 2990 375 3040 que
418 2988 474 3022 se
511 2969 799 3021 Salomone
835 2968 1114 3020 fortiorem
1151 2966 1454 3018 facinoroso
1489 2964 1728 3033 concipit
1765 2965 1822 3016 in
1858 2966 2017 3018 corde
2062 2969 2209 3037 quod
2237 2971 2284 3022 si

275 3057 530 3110 Salomon
567 3055 633 3107 de
671 3055 850 3106 medio
882 3054 1036 3105 fieret
1070 3053 1188 3122 ipse
1226 3050 1573 3112 fortissimus,
1610 3050 1667 3102 in
1705 3069 1869 3120 regno
1906 3052 2153 3106 diadema
2179 3055 2283 3108 sibi

271 3150 458 3214 posset
482 3142 778 3210 imponere,
807 3157 1155 3207 seorsumque
1177 3156 1299 3189 cum
1323 3136 1435 3188 suis
1456 3136 1643 3187 habito
1671 3137 1895 3189 consilio
1924 3139 2282 3208 suspitionem

276 3227 553 3282 Salomoni
579 3226 724 3290 facit,
750 3225 841 3294 qui
869 3243 925 3277 se
946 3243 1069 3277 cum
1092 3223 1203 3276 suis
1231 3222 1299 3274 ad
1325 3222 1697 3274 defensionem
1719 3230 1773 3274 et
1793 3224 1974 3293 fugam
2001 3236 2283 3295 praeparat.

276 3315 440 3367 Irruit
477 3314 531 3365 in
571 3313 752 3381 ipsum
792 3330 917 3363 cum
957 3309 1066 3362 suis
1095 3308 1347 3372 LeuciUS,
1387 3315 1440 3360 et
1476 3307 1529 3359 vi
1569 3308 1769 3377 majore
1809 3309 1953 3378 cogit
1989 3310 2044 3362 in
2084 3311 2284 3381 fugam.
