2638 3860
335 384 437 432 226
1007 393 1319 429 GUALTERI
1359 392 1560 426 MAPEs
2021 389 2222 441 [Distinc.
2244 391 2299 430 V.

335 535 391 586 N
394 534 660 598 ormaniae,
687 551 863 586 comes
888 532 1197 595 Britanniae,
1224 531 1413 584 consul
1440 529 1804 593 Cenomaniae,
1822 530 2034 590 Scotiae‚
2056 530 2328 594 Galweiae,

337 620 501 671 totius
557 619 866 688 Anglicanae
917 617 1167 669 dominus
1235 618 1460 681 insulae;
1518 635 1636 685 quae
1686 623 1879 668 cuncta
1943 615 2162 684 regebat
2215 622 2327 666 tam

338 713 583 774 potenter
634 712 743 755 tam
795 704 1182 772 dispensanter,
1245 703 1393 771 quasi
1444 702 1619 754 bonus
1670 701 2047 771 paterfamilias
2106 701 2328 751 domum

338 806 515 839 unam.
588 786 675 838 Ab
713 786 924 838 abbatia
961 787 1270 838 monialium
1299 786 1594 838 Wintoniae
1620 786 1938 838 monacham
1979 792 2237 836 sacratam
2275 791 2333 835 et

340 889 558 935 sacram,
596 872 733 939 regis
780 872 973 923 Scotiae
1016 889 1253 922 sororem
1291 871 1538 933 Davidis,
1582 871 1649 921 ad
1688 871 1889 922 lectum
1935 868 2175 920 suumin
2202 886 2332 920 con-

331 957 511 1025 jugem
530 957 749 1025 accepit,
767 957 939 1008 Roma
958 975 1057 1009 nec
1077 965 1347 1008 annuente
1373 975 1471 1008 nec
1498 955 1786 1018 abnuente,
1815 954 1908 1006 sed
1929 955 2330 1022 permittente.*

339 1041 585 1110 Suscepit
621 1060 686 1094 ex
730 1060 791 1093 ea
833 1043 1003 1093 filium
1048 1043 1138 1111 qui
1172 1043 1388 1111 juvenis
1433 1043 1603 1093 factus
1638 1042 1694 1092 in
1740 1042 1884 1092 Raso
1912 1040 2135 1091 Barbari
2159 1040 2332 1092 fluctu

340 1126 649 1179 submersus
675 1137 772 1191 est,
799 1136 852 1179 et
876 1128 1039 1179 filiam
1079 1128 1380 1192 Matildem,
1420 1146 1538 1197 quae
1565 1126 1752 1196 nupsit
1781 1126 2019 1178 Henrico
2058 1124 2332 1177 Romano-

338 1230 455 1262 rum
482 1213 805 1281 imperatori,
844 1214 934 1282 qui
973 1213 1087 1266 sine
1124 1213 1304 1265 liberis
1337 1214 1601 1278 decessit;
1640 1214 1758 1282 ipsa
1795 1230 1922 1264 vero
1966 1231 1997 1263 a
2035 1219 2186 1281 patre
2231 1230 2331 1263 suo

339 1297 461 1348 data
477 1306 559 1350 est
577 1298 836 1351 Gaufrido
857 1300 1270 1368 Andegavorum
1298 1300 1498 1365 comiti,
1525 1300 1611 1351 cui
1631 1308 1737 1351 tres
1758 1298 1985 1368 peperit,
2015 1298 2333 1361 Henrieum,

343 1382 678 1448 Gaufridum,
704 1385 1076 1450 Willielmum,
1096 1385 1239 1437 viros
1261 1386 1678 1438 strenuissimos,
1754 1385 1998 1437 Minores
2019 1393 2198 1436 autem
2225 1383 2331 1436 cito

338 1467 463 1519 facti
491 1477 617 1520 sunt
642 1470 706 1521 de
734 1471 928 1522 medio,
1004 1471 1252 1522 Duorum
1292 1488 1555 1521 annorum
1597 1478 1709 1521 erat
1751 1469 2022 1521 Henricus
2065 1469 2334 1538 primoge-

338 1552 483 1603 nitus
513 1553 774 1617 Gaufridi,
809 1554 1021 1622 quando
1062 1572 1192 1605 avus
1235 1572 1363 1605 suus
1409 1554 1678 1606 Henricus
1704 1573 1798 1606 rex
1824 1554 2073 1619 decessit,
2100 1553 2186 1605 cui
2213 1553 2333 1604 Ste-

338 1638 548 1706 phanus
587 1657 755 1708 nepos
782 1640 897 1708 ejus
925 1658 991 1691 ex
1018 1658 1196 1691 sorore
1217 1647 1272 1691 et
1294 1640 1539 1691 Blesensi
1564 1640 1760 1692 comite
1783 1640 2058 1708 Stephano
2077 1639 2335 1691 successit

338 1722 394 1773 in
419 1742 659 1792 regnum,
685 1725 766 1776 vir
803 1744 1082 1789 annorum,
1107 1725 1371 1777 industria
1387 1726 1689 1794 praeclarUS,
1716 1726 1783 1777 ad
1800 1733 1989 1778 caetera
2013 1727 2122 1777 fere
2147 1725 2334 1789 idiota,

339 1809 444 1860 nisi
474 1811 615 1878 quod
655 1810 709 1861 in
745 1811 946 1862 malum
991 1811 1243 1880 pronior3
1285 1811 1384 1862 sub
1424 1830 1530 1880 quo
1575 1811 1789 1863 duobus
1834 1811 1987 1862 annis
2033 1812 2142 1863 fere
2186 1811 2334 1863 siluit

340 1912 580 1962 regnum,
624 1895 781 1946 tertio
826 1913 952 1947 vero
1004 1894 1272 1946 Robertus
1316 1895 1458 1946 filius
1497 1896 1635 1964 regis
1690 1896 1930 1959 Henrici,
1979 1895 2333 1947 Gloucestriae

343 1996 539 2041 comes,
576 1978 691 2029 visa
728 1978 864 2045 regis
905 1978 1124 2046 ineptia,
1167 1996 1262 2046 per
1302 1978 1621 2030 instinctum
1665 1987 1720 2030 et
1757 1978 2074 2047 sapientiam
2106 1979 2332 2031 Milonis

342 2070 468 2131 post
493 2062 701 2113 comitis
742 2062 1092 2125 Herefordiae,
1118 2062 1329 2114 vocavit
1355 2062 1420 2113 ab
1447 2063 1759 2131 Andegavia
1786 2063 2072 2114 Matildem
2098 2071 2152 2114 et
2179 2063 2334 2115 Hen-

341 2149 509 2199 ricum
546 2148 716 2199 filium
754 2148 870 2216 ejus
909 2148 976 2199 ad
1009 2166 1251 2216 regnum,
1279 2148 1369 2216 qui
1397 2149 1658 2217 sapientia
1685 2149 1911 2200 Milonis
1939 2157 1993 2200 et
2019 2149 2334 2202 strenuitate

340 2251 516 2301 regem
570 2233 904 2301 Stephanum
959 2234 1026 2284 ad
1079 2233 1528 2302 compositionem
1577 2234 1892 2303 hujusmodi
1942 2235 2335 2303 compulerunt,

342 2319 590 2388 quatinus
614 2336 776 2387 regno
797 2319 975 2387 jurato
1000 2318 1237 2370 Henrico
1263 2319 1378 2387 ipse
1404 2326 1612 2371 teneret
1641 2320 1813 2372 donec
1856 2321 1922 2372 de
1960 2321 2138 2373 medio
2165 2321 2335 2387 fieret,

341 2412 395 2456 et
437 2404 574 2455 infra
615 2404 831 2455 tertium
880 2422 1082 2454 annum
1123 2412 1367 2455 mortuus
1395 2413 1493 2470 est,
1521 2406 1664 2475 apud
1694 2407 2020 2458 Faversham
2065 2406 2334 2459 abbatiam

340 2488 612 2556 nigrorum
673 2487 1057 2539 monachorum
1114 2506 1271 2556 quam
1325 2488 1442 2557 ipse
1484 2490 1815 2542 fundaverat
1894 2491 2154 2559 sepultuS.
2231 2492 2337 2544 Cui

342 2572 597 2624 successit
625 2573 893 2624 Henricus
921 2573 1164 2624 Matildis
1191 2572 1351 2637 filius,
1377 2573 1432 2624 in
1460 2593 1620 2643 quem
1655 2575 1842 2644 injecit
1876 2576 2059 2628 oculos
2099 2577 2336 2630 incestos

341 2659 560 2710 Alienor
591 2658 910 2710 Francorum
937 2659 1135 2728 regina,
1162 2659 1423 2711 Lodovici
1448 2661 1678 2729 piissimi
1718 2663 1935 2731 conjux,
1976 2670 2032 2714 et
2071 2662 2334 2732 injustum

342 2745 642 2796 machinata
668 2745 954 2796 divortium
979 2745 1165 2814 nupsit
1191 2745 1257 2809 ei,
1284 2763 1407 2797 cum
1434 2753 1612 2798 tamen
1641 2747 1864 2799 haberet
1887 2747 1940 2798 in
1964 2748 2105 2799 fama
2129 2749 2338 2818 privata

344 2831 487 2900 quod
509 2829 767 2882 Gaufrido
793 2830 932 2899 patri
975 2849 1073 2882 suo
1112 2830 1314 2882 lectum
1359 2831 1620 2884 Lodovici
1663 2831 2054 2901 participasset.
2129 2834 2337 2887 Praesu-

344 2915 508 2966 mitur
543 2922 721 2966 autem
759 2915 883 2967 inde
923 2916 1067 2984 quod
1105 2934 1291 2967 eorum
1331 2915 1543 2968 soboles
1568 2917 1625 2968 in
1652 2918 1875 2969 excelsis
1904 2918 2014 2970 suis
2041 2919 2337 2989 intercepta

345 3000 559 3052 devenit
596 3000 662 3051 ad
700 3000 945 3054 nihilum.
1020 3001 1146 3070 Ipse
1179 3019 1305 3053 vero
1333 3002 1602 3054 Henricus
1641 3003 1855 3071 quando
1895 3022 2114 3073 regnare
2157 3005 2337 3074 coepit,

345 3091 456 3135 erat
480 3083 627 3152 quasi
653 3083 843 3152 viginti
869 3103 1151 3149 annorum,
1177 3093 1231 3136 et
1257 3085 1473 3154 triginta
1500 3104 1592 3137 sex
1634 3086 1787 3138 annis
1828 3087 2071 3156 regnavit
2101 3087 2337 3142 invictus

397 3222 421 3244 ’ὃ
451 3223 592 3273 Henry
609 3224 644 3262 I.
666 3225 837 3263 married
849 3212 1246 3276 Matilda‚daughter
1265 3226 1310 3264 of
1361 3226 1522 3276 uniting
1554 3227 1623 3265 the
1655 3226 1789 3267 Saxon
1820 3228 1899 3266 and
1928 3228 2113 3267 Norman
2142 3229 2266 3269 blood
2284 3243 2338 3269 on

344 3289 536 3328 Malcolm
568 3291 652 3329 ΙΙΙ.
688 3293 733 3330 of
759 3292 965 3338 Scotland,
1008 3293 1087 3331 and
1122 3293 1234 3331 niece
1265 3294 1311 3331 of
1361 3294 1430 3333 the
1450 3295 1609 3343 throne,
1629 3296 1709 3334 and
1729 3296 1823 3334 thus
1849 3296 2113 3347 establishing
2136 3297 2206 3337 the
2225 3298 2334 3337 Nor-

344 3356 477 3406 Edgar
513 3357 713 3408 Atheling,
752 3359 803 3409 by
842 3361 973 3398 which
1011 3360 1059 3398 he
1097 3361 1227 3398 aimed
1264 3366 1305 3399 at
1361 3375 1474 3400 mans
1493 3363 1534 3400 in
1553 3364 1737 3414 peaceful
1754 3364 2005 3414 possession.
