<?xml version="1.0" encoding="UTF-8"?>
<!DOCTYPE html PUBLIC "-//W3C//DTD XHTML 1.0 Transitional//EN"
    "http://www.w3.org/TR/xhtml1/DTD/xhtml1-transitional.dtd">
<html xmlns="http://www.w3.org/1999/xhtml" xml:lang="en" lang="en">
 <head>
  <title>
</title>
<meta http-equiv="Content-Type" content="text/html;charset=utf-8" />
  <meta name='ocr-system' content='tesseract 3.04.00' />
  <meta name='ocr-capabilities' content='ocr_page ocr_carea ocr_par ocr_line ocrx_word'/>
</head>
<body>
  <div class='ocr_page' id='page_1' title='image "./gualterimapes00camduoft/gualterimapes00camduoft_0156.png"; bbox 0 0 2638 3860; ppageno 0'>
   <div class='ocr_carea' id='block_1_1' title="bbox 386 415 2341 469">
    <p class='ocr_par' dir='ltr' id='par_1_1' title="bbox 386 415 2341 469">
     <span class='ocr_line' id='line_1_1' title="bbox 386 415 2341 469; baseline 0 -9"><span class='ocrx_word' id='word_1_1' title='bbox 386 415 488 460; x_wconf 86' lang='lat'><strong>136</strong></span> <span class='ocrx_word' id='word_1_2' title='bbox 1083 422 1392 458; x_wconf 82' lang='lat' dir='ltr'><strong>GUALTERI</strong></span> <span class='ocrx_word' id='word_1_3' title='bbox 1436 420 1634 454; x_wconf 76' lang='lat' dir='ltr'><strong>MAPEs</strong></span> <span class='ocrx_word' id='word_1_4' title='bbox 2032 419 2231 469; x_wconf 80' lang='lat' dir='ltr'><strong>[Distinc.</strong></span> <span class='ocrx_word' id='word_1_5' title='bbox 2257 420 2341 459; x_wconf 87' lang='grc' dir='ltr'>ΙΙΙ.</span> 
     </span>
    </p>
   </div>
   <div class='ocr_carea' id='block_1_2' title="bbox 365 558 2424 3448">
    <p class='ocr_par' dir='ltr' id='par_1_2' title="bbox 365 558 2424 3448">
     <span class='ocr_line' id='line_1_2' title="bbox 378 558 2371 634; baseline -0.003 -18"><span class='ocrx_word' id='word_1_6' title='bbox 378 571 618 634; x_wconf 89' lang='lat' dir='ltr'><strong>grantem</strong></span> <span class='ocrx_word' id='word_1_7' title='bbox 666 570 780 615; x_wconf 89' lang='lat' dir='ltr'><strong>toto</strong></span> <span class='ocrx_word' id='word_1_8' title='bbox 843 563 1135 630; x_wconf 86' lang='lat' dir='ltr'><strong>suspensus</strong></span> <span class='ocrx_word' id='word_1_9' title='bbox 1185 561 1242 612; x_wconf 90' lang='lat' dir='ltr'><strong>in</strong></span> <span class='ocrx_word' id='word_1_10' title='bbox 1295 560 1474 629; x_wconf 90' lang='lat' dir='ltr'><strong>ipsum</strong></span> <span class='ocrx_word' id='word_1_11' title='bbox 1531 558 1727 622; x_wconf 86' lang='lat' dir='ltr'><strong>animO,</strong></span> <span class='ocrx_word' id='word_1_12' title='bbox 1770 558 2096 628; x_wconf 81' lang='lat' dir='ltr'><strong>tandemque</strong></span> <span class='ocrx_word' id='word_1_13' title='bbox 2144 560 2371 612; x_wconf 87' lang='lat' dir='ltr'><strong>reflectit</strong></span> 
     </span>
     <span class='ocr_line' id='line_1_3' title="bbox 380 642 2370 716; baseline -0.003 -16"><span class='ocrx_word' id='word_1_14' title='bbox 380 650 561 701; x_wconf 92' lang='lat' dir='ltr'><strong>oculos</strong></span> <span class='ocrx_word' id='word_1_15' title='bbox 587 655 825 716; x_wconf 89' lang='lat' dir='ltr'><strong>erratque</strong></span> <span class='ocrx_word' id='word_1_16' title='bbox 853 647 1030 699; x_wconf 89' lang='lat' dir='ltr'><strong>silens.</strong></span> <span class='ocrx_word' id='word_1_17' title='bbox 1106 645 1412 715; x_wconf 89' lang='lat' dir='ltr'><strong>Suspiciosa</strong></span> <span class='ocrx_word' id='word_1_18' title='bbox 1448 644 1750 713; x_wconf 89' lang='lat' dir='ltr'><strong>timensque</strong></span> <span class='ocrx_word' id='word_1_19' title='bbox 1779 642 1880 694; x_wconf 90' lang='lat' dir='ltr'><strong>sibi</strong></span> <span class='ocrx_word' id='word_1_20' title='bbox 1905 644 2123 696; x_wconf 90' lang='lat' dir='ltr'><strong>domina</strong></span> <span class='ocrx_word' id='word_1_21' title='bbox 2145 664 2214 697; x_wconf 92' lang='lat' dir='ltr'><strong>ne</strong></span> <span class='ocrx_word' id='word_1_22' title='bbox 2241 645 2370 714; x_wconf 90' lang='lat' dir='ltr'><strong>quid</strong></span> 
     </span>
     <span class='ocr_line' id='line_1_4' title="bbox 377 728 2367 802; baseline -0.001 -18"><span class='ocrx_word' id='word_1_23' title='bbox 377 732 618 795; x_wconf 86' lang='lat' dir='ltr'><strong>advertit,</strong></span> <span class='ocrx_word' id='word_1_24' title='bbox 659 732 848 802; x_wconf 83' lang='lat' dir='ltr'><strong>quaerit</strong></span> <span class='ocrx_word' id='word_1_25' title='bbox 885 732 1013 801; x_wconf 91' lang='lat' dir='ltr'><strong>quid</strong></span> <span class='ocrx_word' id='word_1_26' title='bbox 1056 733 1176 796; x_wconf 90' lang='lat' dir='ltr'><strong>hoc,</strong></span> <span class='ocrx_word' id='word_1_27' title='bbox 1204 750 1364 801; x_wconf 91' lang='lat' dir='ltr'><strong>quare</strong></span> <span class='ocrx_word' id='word_1_28' title='bbox 1392 731 1486 782; x_wconf 92' lang='lat' dir='ltr'><strong>diu</strong></span> <span class='ocrx_word' id='word_1_29' title='bbox 1510 728 1806 798; x_wconf 79' lang='lat' dir='ltr'><strong>respexerit</strong></span> <span class='ocrx_word' id='word_1_30' title='bbox 1830 747 1940 780; x_wconf 91' lang='lat' dir='ltr'><strong>non</strong></span> <span class='ocrx_word' id='word_1_31' title='bbox 1978 729 2367 798; x_wconf 84' lang='lat' dir='ltr'><strong>respicientem.</strong></span> 
     </span>
     <span class='ocr_line' id='line_1_5' title="bbox 376 814 2365 886; baseline -0.001 -18"><span class='ocrx_word' id='word_1_32' title='bbox 376 817 477 869; x_wconf 88' lang='lat' dir='ltr'><strong>Cui</strong></span> <span class='ocrx_word' id='word_1_33' title='bbox 504 818 677 882; x_wconf 81' lang='lat' dir='ltr'><strong>Rollo,</strong></span> <span class='ocrx_word' id='word_1_34' title='bbox 710 821 746 847; x_wconf 72' lang='lat'><strong>‘⁶</strong></span> <span class='ocrx_word' id='word_1_35' title='bbox 770 817 1027 869; x_wconf 87' lang='lat' dir='ltr'><strong>Libenter</strong></span> <span class='ocrx_word' id='word_1_36' title='bbox 1053 818 1253 886; x_wconf 86' lang='lat' dir='ltr'><strong>aspexi,</strong></span> <span class='ocrx_word' id='word_1_37' title='bbox 1292 817 1434 886; x_wconf 93' lang='lat' dir='ltr'><strong>quod</strong></span> <span class='ocrx_word' id='word_1_38' title='bbox 1461 815 1668 867; x_wconf 91' lang='lat' dir='ltr'><strong>utinam</strong></span> <span class='ocrx_word' id='word_1_39' title='bbox 1695 831 1908 883; x_wconf 91' lang='lat' dir='ltr'><strong>semper</strong></span> <span class='ocrx_word' id='word_1_40' title='bbox 1942 814 2155 866; x_wconf 90' lang='lat' dir='ltr'><strong>videam</strong></span> <span class='ocrx_word' id='word_1_41' title='bbox 2193 816 2365 867; x_wconf 87' lang='lat' dir='ltr'><strong>nostri</strong></span> 
     </span>
     <span class='ocr_line' id='line_1_6' title="bbox 373 900 2365 972; baseline -0.001 -18"><span class='ocrx_word' id='word_1_42' title='bbox 373 903 627 971; x_wconf 89' lang='lat' dir='ltr'><strong>temporis</strong></span> <span class='ocrx_word' id='word_1_43' title='bbox 647 903 937 972; x_wconf 84' lang='lat' dir='ltr'><strong>praenobile</strong></span> <span class='ocrx_word' id='word_1_44' title='bbox 962 903 1282 972; x_wconf 87' lang='lat' dir='ltr'><strong>prodigium,</strong></span> <span class='ocrx_word' id='word_1_45' title='bbox 1302 902 1577 953; x_wconf 91' lang='lat' dir='ltr'><strong>hominem</strong></span> <span class='ocrx_word' id='word_1_46' title='bbox 1596 918 1807 970; x_wconf 84' lang='lat' dir='ltr'><strong>genere,</strong></span> <span class='ocrx_word' id='word_1_47' title='bbox 1824 900 2081 965; x_wconf 89' lang='lat' dir='ltr'><strong>moribus,</strong></span> <span class='ocrx_word' id='word_1_48' title='bbox 2098 908 2153 953; x_wconf 89' lang='lat' dir='ltr'><strong>et</strong></span> <span class='ocrx_word' id='word_1_49' title='bbox 2176 902 2365 966; x_wconf 89' lang='lat' dir='ltr'><strong>forma,</strong></span> 
     </span>
     <span class='ocr_line' id='line_1_7' title="bbox 374 985 2366 1055; baseline -0.001 -17"><span class='ocrx_word' id='word_1_50' title='bbox 374 987 570 1039; x_wconf 91' lang='lat' dir='ltr'><strong>divitiis</strong></span> <span class='ocrx_word' id='word_1_51' title='bbox 597 996 651 1040; x_wconf 90' lang='lat' dir='ltr'><strong>et</strong></span> <span class='ocrx_word' id='word_1_52' title='bbox 674 989 813 1039; x_wconf 88' lang='lat' dir='ltr'><strong>fama</strong></span> <span class='ocrx_word' id='word_1_53' title='bbox 838 996 893 1040; x_wconf 94' lang='lat' dir='ltr'><strong>et</strong></span> <span class='ocrx_word' id='word_1_54' title='bbox 916 988 1082 1039; x_wconf 92' lang='lat' dir='ltr'><strong>totius</strong></span> <span class='ocrx_word' id='word_1_55' title='bbox 1107 995 1262 1040; x_wconf 84' lang='lat' dir='ltr'><strong>terrae</strong></span> <span class='ocrx_word' id='word_1_56' title='bbox 1298 986 1568 1039; x_wconf 86' lang='lat' dir='ltr'><strong>favoribus</strong></span> <span class='ocrx_word' id='word_1_57' title='bbox 1608 985 1892 1055; x_wconf 82' lang='lat' dir='ltr'><strong>insignem,</strong></span> <span class='ocrx_word' id='word_1_58' title='bbox 1918 994 1973 1038; x_wconf 94' lang='lat' dir='ltr'><strong>et</strong></span> <span class='ocrx_word' id='word_1_59' title='bbox 2007 986 2216 1055; x_wconf 90' lang='lat' dir='ltr'><strong>qualem</strong></span> <span class='ocrx_word' id='word_1_60' title='bbox 2254 1005 2366 1038; x_wconf 92' lang='lat' dir='ltr'><strong>non</strong></span> 
     </span>
     <span class='ocr_line' id='line_1_8' title="bbox 373 1071 2367 1142; baseline 0.001 -19"><span class='ocrx_word' id='word_1_61' title='bbox 373 1072 568 1141; x_wconf 89' lang='lat' dir='ltr'><strong>reperit</strong></span> <span class='ocrx_word' id='word_1_62' title='bbox 592 1072 851 1142; x_wconf 86' lang='lat' dir='ltr'><strong>scriptura</strong></span> <span class='ocrx_word' id='word_1_63' title='bbox 875 1091 941 1124; x_wconf 84' lang='lat' dir='ltr'><strong>ex</strong></span> <span class='ocrx_word' id='word_1_64' title='bbox 967 1072 1114 1124; x_wconf 90' lang='lat' dir='ltr'><strong>omni</strong></span> <span class='ocrx_word' id='word_1_65' title='bbox 1138 1080 1288 1142; x_wconf 91' lang='lat' dir='ltr'><strong>parte</strong></span> <span class='ocrx_word' id='word_1_66' title='bbox 1314 1071 1586 1124; x_wconf 86' lang='lat' dir='ltr'><strong>beatum.”</strong></span> <span class='ocrx_word' id='word_1_67' title='bbox 1661 1071 1760 1122; x_wconf 90' lang='lat' dir='ltr'><strong>Illa</strong></span> <span class='ocrx_word' id='word_1_68' title='bbox 1798 1089 1864 1123; x_wconf 88' lang='lat' dir='ltr'><strong>ex</strong></span> <span class='ocrx_word' id='word_1_69' title='bbox 1888 1078 2037 1122; x_wconf 92' lang='lat' dir='ltr'><strong>tanta</strong></span> <span class='ocrx_word' id='word_1_70' title='bbox 2062 1071 2219 1123; x_wconf 90' lang='lat' dir='ltr'><strong>laude</strong></span> <span class='ocrx_word' id='word_1_71' title='bbox 2244 1072 2367 1141; x_wconf 89' lang='lat' dir='ltr'><strong>plus</strong></span> 
     </span>
     <span class='ocr_line' id='line_1_9' title="bbox 376 1156 2367 1227; baseline 0.002 -20"><span class='ocrx_word' id='word_1_72' title='bbox 376 1157 553 1208; x_wconf 90' lang='lat' dir='ltr'><strong>animo</strong></span> <span class='ocrx_word' id='word_1_73' title='bbox 592 1157 914 1226; x_wconf 83' lang='lat' dir='ltr'><strong>concipienS,</strong></span> <span class='ocrx_word' id='word_1_74' title='bbox 951 1177 1110 1227; x_wconf 90' lang='lat' dir='ltr'><strong>quam</strong></span> <span class='ocrx_word' id='word_1_75' title='bbox 1151 1176 1240 1210; x_wconf 92' lang='lat' dir='ltr'><strong>ore</strong></span> <span class='ocrx_word' id='word_1_76' title='bbox 1280 1157 1504 1221; x_wconf 85' lang='lat' dir='ltr'><strong>habenS,</strong></span> <span class='ocrx_word' id='word_1_77' title='bbox 1532 1156 1832 1220; x_wconf 88' lang='lat' dir='ltr'><strong>subintulit,</strong></span> <span class='ocrx_word' id='word_1_78' title='bbox 1872 1159 1907 1185; x_wconf 83' lang='grc'><strong>“</strong></span> <span class='ocrx_word' id='word_1_79' title='bbox 1928 1157 2045 1208; x_wconf 92' lang='lat' dir='ltr'><strong>Nec</strong></span> <span class='ocrx_word' id='word_1_80' title='bbox 2078 1157 2211 1208; x_wconf 91' lang='lat' dir='ltr'><strong>mihi</strong></span> <span class='ocrx_word' id='word_1_81' title='bbox 2247 1158 2367 1227; x_wconf 93' lang='lat' dir='ltr'><strong>pul-</strong></span> 
     </span>
     <span class='ocr_line' id='line_1_10' title="bbox 373 1241 2367 1312; baseline 0.002 -19"><span class='ocrx_word' id='word_1_82' title='bbox 373 1241 497 1293; x_wconf 89' lang='lat' dir='ltr'><strong>cher</strong></span> <span class='ocrx_word' id='word_1_83' title='bbox 521 1242 747 1306; x_wconf 91' lang='lat' dir='ltr'><strong>videtur,</strong></span> <span class='ocrx_word' id='word_1_84' title='bbox 772 1261 871 1295; x_wconf 91' lang='lat' dir='ltr'><strong>nec</strong></span> <span class='ocrx_word' id='word_1_85' title='bbox 906 1243 1085 1312; x_wconf 88' lang='lat' dir='ltr'><strong>ipsum</strong></span> <span class='ocrx_word' id='word_1_86' title='bbox 1111 1243 1315 1295; x_wconf 90' lang='lat' dir='ltr'><strong>bonum</strong></span> <span class='ocrx_word' id='word_1_87' title='bbox 1353 1243 1586 1295; x_wconf 84' lang='lat' dir='ltr'><strong>audivi.”</strong></span> <span class='ocrx_word' id='word_1_88' title='bbox 1660 1242 1824 1293; x_wconf 89' lang='lat' dir='ltr'><strong>Aliud</strong></span> <span class='ocrx_word' id='word_1_89' title='bbox 1867 1250 2045 1294; x_wconf 91' lang='lat' dir='ltr'><strong>autem</strong></span> <span class='ocrx_word' id='word_1_90' title='bbox 2088 1243 2145 1294; x_wconf 90' lang='lat' dir='ltr'><strong>in</strong></span> <span class='ocrx_word' id='word_1_91' title='bbox 2185 1253 2367 1296; x_wconf 89' lang='lat' dir='ltr'><strong>mente</strong></span> 
     </span>
     <span class='ocr_line' id='line_1_11' title="bbox 371 1326 2363 1396; baseline 0.002 -19"><span class='ocrx_word' id='word_1_92' title='bbox 371 1334 563 1390; x_wconf 91' lang='lat' dir='ltr'><strong>versat,</strong></span> <span class='ocrx_word' id='word_1_93' title='bbox 591 1326 790 1378; x_wconf 83' lang='lat' dir='ltr'><strong>scilicet</strong></span> <span class='ocrx_word' id='word_1_94' title='bbox 816 1327 959 1396; x_wconf 92' lang='lat' dir='ltr'><strong>quod</strong></span> <span class='ocrx_word' id='word_1_95' title='bbox 986 1328 1140 1379; x_wconf 90' lang='lat' dir='ltr'><strong>Rollo</strong></span> <span class='ocrx_word' id='word_1_96' title='bbox 1167 1327 1338 1379; x_wconf 91' lang='lat' dir='ltr'><strong>fidelis</strong></span> <span class='ocrx_word' id='word_1_97' title='bbox 1381 1336 1436 1379; x_wconf 91' lang='lat' dir='ltr'><strong>et</strong></span> <span class='ocrx_word' id='word_1_98' title='bbox 1466 1327 1729 1379; x_wconf 90' lang='lat' dir='ltr'><strong>veridicus</strong></span> <span class='ocrx_word' id='word_1_99' title='bbox 1756 1334 1856 1391; x_wconf 90' lang='lat' dir='ltr'><strong>est,</strong></span> <span class='ocrx_word' id='word_1_100' title='bbox 1883 1335 1938 1379; x_wconf 93' lang='lat' dir='ltr'><strong>et</strong></span> <span class='ocrx_word' id='word_1_101' title='bbox 1975 1329 2119 1396; x_wconf 92' lang='lat' dir='ltr'><strong>quod</strong></span> <span class='ocrx_word' id='word_1_102' title='bbox 2154 1329 2219 1380; x_wconf 91' lang='lat' dir='ltr'><strong>ab</strong></span> <span class='ocrx_word' id='word_1_103' title='bbox 2247 1330 2363 1381; x_wconf 90' lang='lat' dir='ltr'><strong>aliis</strong></span> 
     </span>
     <span class='ocr_line' id='line_1_12' title="bbox 372 1411 2365 1483; baseline 0.003 -21"><span class='ocrx_word' id='word_1_104' title='bbox 372 1411 608 1463; x_wconf 83' lang='lat' dir='ltr'><strong>audierat</strong></span> <span class='ocrx_word' id='word_1_105' title='bbox 631 1411 799 1480; x_wconf 91' lang='lat' dir='ltr'><strong>ipsius</strong></span> <span class='ocrx_word' id='word_1_106' title='bbox 826 1419 908 1463; x_wconf 92' lang='lat' dir='ltr'><strong>est</strong></span> <span class='ocrx_word' id='word_1_107' title='bbox 931 1413 1222 1464; x_wconf 88' lang='lat' dir='ltr'><strong>assertione</strong></span> <span class='ocrx_word' id='word_1_108' title='bbox 1257 1413 1598 1465; x_wconf 90' lang='lat' dir='ltr'><strong>credendum.</strong></span> <span class='ocrx_word' id='word_1_109' title='bbox 1676 1411 1908 1465; x_wconf 83' lang='lat' dir='ltr'><strong>Poenitet</strong></span> <span class='ocrx_word' id='word_1_110' title='bbox 1939 1413 2051 1482; x_wconf 89' lang='lat' dir='ltr'><strong>jam</strong></span> <span class='ocrx_word' id='word_1_111' title='bbox 2077 1413 2257 1483; x_wconf 90' lang='lat' dir='ltr'><strong>ipsum</strong></span> <span class='ocrx_word' id='word_1_112' title='bbox 2282 1433 2365 1468; x_wconf 91' lang='lat' dir='ltr'><strong>re-</strong></span> 
     </span>
     <span class='ocr_line' id='line_1_13' title="bbox 371 1498 2364 1569; baseline 0.003 -22"><span class='ocrx_word' id='word_1_113' title='bbox 371 1498 589 1564; x_wconf 89' lang='lat' dir='ltr'><strong>pulisse,</strong></span> <span class='ocrx_word' id='word_1_114' title='bbox 608 1498 720 1566; x_wconf 85' lang='lat' dir='ltr'><strong>jam</strong></span> <span class='ocrx_word' id='word_1_115' title='bbox 748 1498 994 1567; x_wconf 89' lang='lat' dir='ltr'><strong>desperat</strong></span> <span class='ocrx_word' id='word_1_116' title='bbox 1010 1517 1170 1568; x_wconf 89' lang='lat' dir='ltr'><strong>posse</strong></span> <span class='ocrx_word' id='word_1_117' title='bbox 1197 1499 1385 1551; x_wconf 89' lang='lat' dir='ltr'><strong>redimi</strong></span> <span class='ocrx_word' id='word_1_118' title='bbox 1411 1499 1555 1568; x_wconf 92' lang='lat' dir='ltr'><strong>quod</strong></span> <span class='ocrx_word' id='word_1_119' title='bbox 1571 1506 1750 1551; x_wconf 91' lang='lat' dir='ltr'><strong>actum</strong></span> <span class='ocrx_word' id='word_1_120' title='bbox 1776 1507 1876 1563; x_wconf 92' lang='lat' dir='ltr'><strong>est,</strong></span> <span class='ocrx_word' id='word_1_121' title='bbox 1903 1508 1957 1551; x_wconf 90' lang='lat' dir='ltr'><strong>et</strong></span> <span class='ocrx_word' id='word_1_122' title='bbox 1983 1518 2142 1569; x_wconf 89' lang='lat' dir='ltr'><strong>quem</strong></span> <span class='ocrx_word' id='word_1_123' title='bbox 2167 1501 2364 1552; x_wconf 92' lang='lat' dir='ltr'><strong>humil-</strong></span> 
     </span>
     <span class='ocr_line' id='line_1_14' title="bbox 370 1581 2365 1655; baseline 0.004 -23"><span class='ocrx_word' id='word_1_124' title='bbox 370 1581 558 1633; x_wconf 91' lang='lat' dir='ltr'><strong>limum</strong></span> <span class='ocrx_word' id='word_1_125' title='bbox 604 1582 830 1651; x_wconf 90' lang='lat' dir='ltr'><strong>superba</strong></span> <span class='ocrx_word' id='word_1_126' title='bbox 871 1592 1158 1652; x_wconf 85' lang='lat' dir='ltr'><strong>spreverat,</strong></span> <span class='ocrx_word' id='word_1_127' title='bbox 1203 1584 1646 1654; x_wconf 88' lang='lat' dir='ltr'><strong>superbissimum</strong></span> <span class='ocrx_word' id='word_1_128' title='bbox 1685 1585 1866 1637; x_wconf 93' lang='lat' dir='ltr'><strong>horret</strong></span> <span class='ocrx_word' id='word_1_129' title='bbox 1902 1585 2120 1636; x_wconf 89' lang='lat' dir='ltr'><strong>humilis</strong></span> <span class='ocrx_word' id='word_1_130' title='bbox 2162 1594 2365 1655; x_wconf 89' lang='lat' dir='ltr'><strong>optare,</strong></span> 
     </span>
     <span class='ocr_line' id='line_1_15' title="bbox 371 1669 2365 1740; baseline 0.003 -22"><span class='ocrx_word' id='word_1_131' title='bbox 371 1685 597 1737; x_wconf 87' lang='lat' dir='ltr'><strong>cumque</strong></span> <span class='ocrx_word' id='word_1_132' title='bbox 622 1677 747 1738; x_wconf 93' lang='lat' dir='ltr'><strong>post</strong></span> <span class='ocrx_word' id='word_1_133' title='bbox 770 1669 872 1721; x_wconf 91' lang='lat' dir='ltr'><strong>iter</strong></span> <span class='ocrx_word' id='word_1_134' title='bbox 897 1670 1129 1722; x_wconf 87' lang='lat' dir='ltr'><strong>thalamo</strong></span> <span class='ocrx_word' id='word_1_135' title='bbox 1155 1671 1425 1740; x_wconf 84' lang='lat' dir='ltr'><strong>recipitur,</strong></span> <span class='ocrx_word' id='word_1_136' title='bbox 1451 1671 1577 1723; x_wconf 90' lang='lat' dir='ltr'><strong>flere</strong></span> <span class='ocrx_word' id='word_1_137' title='bbox 1615 1671 1766 1736; x_wconf 90' lang='lat' dir='ltr'><strong>libet,</strong></span> <span class='ocrx_word' id='word_1_138' title='bbox 1812 1690 1911 1724; x_wconf 93' lang='lat' dir='ltr'><strong>nec</strong></span> <span class='ocrx_word' id='word_1_139' title='bbox 1944 1672 2070 1724; x_wconf 89' lang='lat' dir='ltr'><strong>licet</strong></span> <span class='ocrx_word' id='word_1_140' title='bbox 2103 1672 2172 1724; x_wconf 95' lang='lat' dir='ltr'><strong>ob</strong></span> <span class='ocrx_word' id='word_1_141' title='bbox 2213 1691 2365 1724; x_wconf 89' lang='lat' dir='ltr'><strong>scan-</strong></span> 
     </span>
     <span class='ocr_line' id='line_1_16' title="bbox 372 1753 2363 1826; baseline 0.004 -23"><span class='ocrx_word' id='word_1_142' title='bbox 372 1753 583 1817; x_wconf 85' lang='lat' dir='ltr'><strong>dalum3</strong></span> <span class='ocrx_word' id='word_1_143' title='bbox 639 1754 847 1806; x_wconf 92' lang='lat' dir='ltr'><strong>dolores</strong></span> <span class='ocrx_word' id='word_1_144' title='bbox 891 1756 1034 1807; x_wconf 88' lang='lat' dir='ltr'><strong>enim</strong></span> <span class='ocrx_word' id='word_1_145' title='bbox 1084 1756 1319 1808; x_wconf 88' lang='lat' dir='ltr'><strong>criminis</strong></span> <span class='ocrx_word' id='word_1_146' title='bbox 1364 1765 1611 1826; x_wconf 84' lang='lat' dir='ltr'><strong>quaerunt</strong></span> <span class='ocrx_word' id='word_1_147' title='bbox 1653 1757 1892 1822; x_wconf 91' lang='lat' dir='ltr'><strong>latibula,</strong></span> <span class='ocrx_word' id='word_1_148' title='bbox 1932 1765 1987 1810; x_wconf 93' lang='lat' dir='ltr'><strong>et</strong></span> <span class='ocrx_word' id='word_1_149' title='bbox 2029 1758 2203 1810; x_wconf 90' lang='lat' dir='ltr'><strong>noctis</strong></span> <span class='ocrx_word' id='word_1_150' title='bbox 2241 1758 2363 1811; x_wconf 80' lang='lat' dir='ltr'><strong>filiae</strong></span> 
     </span>
     <span class='ocr_line' id='line_1_17' title="bbox 373 1838 2365 1911; baseline 0.004 -23"><span class='ocrx_word' id='word_1_151' title='bbox 373 1846 601 1889; x_wconf 92' lang='lat' dir='ltr'><strong>secretos</strong></span> <span class='ocrx_word' id='word_1_152' title='bbox 627 1838 872 1890; x_wconf 88' lang='lat' dir='ltr'><strong>habitant</strong></span> <span class='ocrx_word' id='word_1_153' title='bbox 898 1858 1139 1891; x_wconf 90' lang='lat' dir='ltr'><strong>seorsum</strong></span> <span class='ocrx_word' id='word_1_154' title='bbox 1176 1841 1457 1893; x_wconf 85' lang='lat' dir='ltr'><strong>thalamos.</strong></span> <span class='ocrx_word' id='word_1_155' title='bbox 1534 1842 1669 1893; x_wconf 90' lang='lat' dir='ltr'><strong>Inde</strong></span> <span class='ocrx_word' id='word_1_156' title='bbox 1713 1861 1768 1894; x_wconf 93' lang='lat' dir='ltr'><strong>se</strong></span> <span class='ocrx_word' id='word_1_157' title='bbox 1811 1843 2026 1911; x_wconf 87' lang='lat' dir='ltr'><strong>projicit</strong></span> <span class='ocrx_word' id='word_1_158' title='bbox 2063 1843 2120 1894; x_wconf 93' lang='lat' dir='ltr'><strong>in</strong></span> <span class='ocrx_word' id='word_1_159' title='bbox 2163 1851 2365 1895; x_wconf 91' lang='lat' dir='ltr'><strong>secreta</strong></span> 
     </span>
     <span class='ocr_line' id='line_1_18' title="bbox 374 1923 2364 1995; baseline 0.004 -22"><span class='ocrx_word' id='word_1_160' title='bbox 374 1941 612 1974; x_wconf 89' lang='lat' dir='ltr'><strong>secessus</strong></span> <span class='ocrx_word' id='word_1_161' title='bbox 638 1923 830 1989; x_wconf 89' lang='lat' dir='ltr'><strong>intimi,</strong></span> <span class='ocrx_word' id='word_1_162' title='bbox 865 1925 1258 1994; x_wconf 85' lang='lat' dir='ltr'><strong>exploratisque</strong></span> <span class='ocrx_word' id='word_1_163' title='bbox 1301 1926 1562 1995; x_wconf 90' lang='lat' dir='ltr'><strong>plorando</strong></span> <span class='ocrx_word' id='word_1_164' title='bbox 1607 1928 1860 1992; x_wconf 90' lang='lat' dir='ltr'><strong>consiliis,</strong></span> <span class='ocrx_word' id='word_1_165' title='bbox 1902 1948 2010 1980; x_wconf 91' lang='lat' dir='ltr'><strong>una</strong></span> <span class='ocrx_word' id='word_1_166' title='bbox 2046 1930 2260 1981; x_wconf 91' lang='lat' dir='ltr'><strong>tandem</strong></span> <span class='ocrx_word' id='word_1_167' title='bbox 2309 1937 2364 1981; x_wconf 93' lang='lat' dir='ltr'><strong>et</strong></span> 
     </span>
     <span class='ocr_line' id='line_1_19' title="bbox 373 2009 2360 2084; baseline 0.005 -26"><span class='ocrx_word' id='word_1_168' title='bbox 373 2009 545 2059; x_wconf 86' lang='lat' dir='ltr'><strong>audax</strong></span> <span class='ocrx_word' id='word_1_169' title='bbox 586 2009 760 2076; x_wconf 89' lang='lat' dir='ltr'><strong>placet</strong></span> <span class='ocrx_word' id='word_1_170' title='bbox 804 2011 1084 2075; x_wconf 88' lang='lat' dir='ltr'><strong>sententia,</strong></span> <span class='ocrx_word' id='word_1_171' title='bbox 1129 2012 1326 2063; x_wconf 91' lang='lat' dir='ltr'><strong>nuncio</strong></span> <span class='ocrx_word' id='word_1_172' title='bbox 1370 2020 1575 2065; x_wconf 88' lang='lat' dir='ltr'><strong>tentare</strong></span> <span class='ocrx_word' id='word_1_173' title='bbox 1621 2013 1666 2064; x_wconf 89' lang='lat' dir='ltr'><strong>si</strong></span> <span class='ocrx_word' id='word_1_174' title='bbox 1708 2014 1889 2066; x_wconf 90' lang='lat' dir='ltr'><strong>venire</strong></span> <span class='ocrx_word' id='word_1_175' title='bbox 1934 2015 2182 2084; x_wconf 87' lang='lat' dir='ltr'><strong>dignetur</strong></span> <span class='ocrx_word' id='word_1_176' title='bbox 2224 2016 2360 2067; x_wconf 90' lang='lat' dir='ltr'><strong>desi-</strong></span> 
     </span>
     <span class='ocr_line' id='line_1_20' title="bbox 370 2092 2361 2167; baseline 0.004 -23"><span class='ocrx_word' id='word_1_177' title='bbox 370 2092 619 2145; x_wconf 74' lang='lat' dir='ltr'><strong>derantis,</strong></span> <span class='ocrx_word' id='word_1_178' title='bbox 695 2095 890 2146; x_wconf 90' lang='lat' dir='ltr'><strong>Evolat</strong></span> <span class='ocrx_word' id='word_1_179' title='bbox 930 2096 1134 2164; x_wconf 88' lang='lat' dir='ltr'><strong>legatus</strong></span> <span class='ocrx_word' id='word_1_180' title='bbox 1172 2104 1227 2147; x_wconf 91' lang='lat' dir='ltr'><strong>et</strong></span> <span class='ocrx_word' id='word_1_181' title='bbox 1268 2097 1543 2148; x_wconf 88' lang='lat' dir='ltr'><strong>ardentem</strong></span> <span class='ocrx_word' id='word_1_182' title='bbox 1577 2098 2008 2167; x_wconf 88' lang='lat' dir='ltr'><strong>concupiscentia</strong></span> <span class='ocrx_word' id='word_1_183' title='bbox 2047 2100 2255 2152; x_wconf 91' lang='lat' dir='ltr'><strong>reducit</strong></span> <span class='ocrx_word' id='word_1_184' title='bbox 2278 2101 2361 2152; x_wconf 90' lang='lat' dir='ltr'><strong>in-</strong></span> 
     </span>
     <span class='ocr_line' id='line_1_21' title="bbox 371 2178 2363 2254; baseline 0.005 -25"><span class='ocrx_word' id='word_1_185' title='bbox 371 2178 694 2243; x_wconf 89' lang='lat' dir='ltr'><strong>flammante,</strong></span> <span class='ocrx_word' id='word_1_186' title='bbox 714 2181 1003 2252; x_wconf 87' lang='lat' dir='ltr'><strong>jussusque</strong></span> <span class='ocrx_word' id='word_1_187' title='bbox 1020 2182 1234 2234; x_wconf 89' lang='lat' dir='ltr'><strong>recedit.</strong></span> <span class='ocrx_word' id='word_1_188' title='bbox 1310 2182 1577 2234; x_wconf 85' lang='lat' dir='ltr'><strong>Ornatum</strong></span> <span class='ocrx_word' id='word_1_189' title='bbox 1601 2183 1762 2252; x_wconf 83' lang='lat' dir='ltr'><strong>igitur</strong></span> <span class='ocrx_word' id='word_1_190' title='bbox 1787 2184 1985 2236; x_wconf 87' lang='lat' dir='ltr'><strong>Veneri</strong></span> <span class='ocrx_word' id='word_1_191' title='bbox 2012 2184 2216 2254; x_wconf 91' lang='lat' dir='ltr'><strong>sibique</strong></span> <span class='ocrx_word' id='word_1_192' title='bbox 2242 2188 2363 2238; x_wconf 91' lang='lat' dir='ltr'><strong>tha-</strong></span> 
     </span>
     <span class='ocr_line' id='line_1_22' title="bbox 369 2263 2361 2334; baseline 0.006 -21"><span class='ocrx_word' id='word_1_193' title='bbox 369 2263 568 2314; x_wconf 88' lang='lat' dir='ltr'><strong>lamum</strong></span> <span class='ocrx_word' id='word_1_194' title='bbox 594 2283 843 2317; x_wconf 88' lang='lat' dir='ltr'><strong>arcanum</strong></span> <span class='ocrx_word' id='word_1_195' title='bbox 875 2285 1083 2318; x_wconf 89' lang='lat' dir='ltr'><strong>summa</strong></span> <span class='ocrx_word' id='word_1_196' title='bbox 1122 2268 1354 2320; x_wconf 90' lang='lat' dir='ltr'><strong>secuturi</strong></span> <span class='ocrx_word' id='word_1_197' title='bbox 1378 2276 1504 2320; x_wconf 91' lang='lat' dir='ltr'><strong>vota</strong></span> <span class='ocrx_word' id='word_1_198' title='bbox 1531 2268 1852 2334; x_wconf 88' lang='lat' dir='ltr'><strong>subintrant,</strong></span> <span class='ocrx_word' id='word_1_199' title='bbox 1879 2277 1933 2322; x_wconf 93' lang='lat' dir='ltr'><strong>et</strong></span> <span class='ocrx_word' id='word_1_200' title='bbox 1957 2270 2096 2323; x_wconf 89' lang='lat' dir='ltr'><strong>inter</strong></span> <span class='ocrx_word' id='word_1_201' title='bbox 2121 2273 2361 2325; x_wconf 90' lang='lat' dir='ltr'><strong>eundum</strong></span> 
     </span>
     <span class='ocr_line' id='line_1_23' title="bbox 367 2348 2360 2424; baseline 0.006 -25"><span class='ocrx_word' id='word_1_202' title='bbox 367 2348 539 2417; x_wconf 90' lang='lat' dir='ltr'><strong>inquit</strong></span> <span class='ocrx_word' id='word_1_203' title='bbox 563 2350 667 2414; x_wconf 84' lang='lat' dir='ltr'><strong>illa,</strong></span> <span class='ocrx_word' id='word_1_204' title='bbox 707 2354 741 2380; x_wconf 81' lang='lat'>“</span> <span class='ocrx_word' id='word_1_205' title='bbox 767 2351 982 2403; x_wconf 88' lang='lat' dir='ltr'><strong>Miraris</strong></span> <span class='ocrx_word' id='word_1_206' title='bbox 1008 2352 1248 2418; x_wconf 89' lang='lat' dir='ltr'><strong>forsitan,</strong></span> <span class='ocrx_word' id='word_1_207' title='bbox 1289 2354 1595 2406; x_wconf 88' lang='lat' dir='ltr'><strong>dulcissime</strong></span> <span class='ocrx_word' id='word_1_208' title='bbox 1621 2355 1712 2419; x_wconf 93' lang='lat' dir='ltr'><strong>mi,</strong></span> <span class='ocrx_word' id='word_1_209' title='bbox 1740 2374 1858 2424; x_wconf 86' lang='lat' dir='ltr'><strong>quae</strong></span> <span class='ocrx_word' id='word_1_210' title='bbox 1886 2375 1971 2408; x_wconf 89' lang='lat' dir='ltr'><strong>me</strong></span> <span class='ocrx_word' id='word_1_211' title='bbox 2009 2357 2107 2408; x_wconf 92' lang='lat' dir='ltr'><strong>tibi</strong></span> <span class='ocrx_word' id='word_1_212' title='bbox 2133 2365 2243 2409; x_wconf 92' lang='lat' dir='ltr'><strong>tam</strong></span> <span class='ocrx_word' id='word_1_213' title='bbox 2272 2377 2360 2410; x_wconf 92' lang='lat' dir='ltr'><strong>su-</strong></span> 
     </span>
     <span class='ocr_line' id='line_1_24' title="bbox 366 2433 2424 2512; baseline 0.006 -27"><span class='ocrx_word' id='word_1_214' title='bbox 366 2433 479 2486; x_wconf 91' lang='lat' dir='ltr'><strong>bito</strong></span> <span class='ocrx_word' id='word_1_215' title='bbox 506 2454 662 2487; x_wconf 90' lang='lat' dir='ltr'><strong>causa</strong></span> <span class='ocrx_word' id='word_1_216' title='bbox 687 2444 812 2505; x_wconf 90' lang='lat' dir='ltr'><strong>post</strong></span> <span class='ocrx_word' id='word_1_217' title='bbox 848 2445 931 2489; x_wconf 93' lang='lat' dir='ltr'><strong>tot</strong></span> <span class='ocrx_word' id='word_1_218' title='bbox 973 2445 1082 2489; x_wconf 89' lang='lat' dir='ltr'><strong>tam</strong></span> <span class='ocrx_word' id='word_1_219' title='bbox 1127 2439 1366 2491; x_wconf 90' lang='lat' dir='ltr'><strong>crudeles</strong></span> <span class='ocrx_word' id='word_1_220' title='bbox 1394 2440 1598 2492; x_wconf 90' lang='lat' dir='ltr'><strong>dederit</strong></span> <span class='ocrx_word' id='word_1_221' title='bbox 1621 2442 1964 2510; x_wconf 82' lang='lat' dir='ltr'><strong>negationes3</strong></span> <span class='ocrx_word' id='word_1_222' title='bbox 2008 2444 2162 2496; x_wconf 88' lang='lat' dir='ltr'><strong>Rollo</strong></span> <span class='ocrx_word' id='word_1_223' title='bbox 2202 2463 2360 2497; x_wconf 90' lang='lat' dir='ltr'><strong>causa</strong></span> <span class='ocrx_word' id='word_1_224' title='bbox 2417 2508 2424 2512; x_wconf 26' lang='grc' dir='ltr'><strong><em>Δ</em></strong></span> 
     </span>
     <span class='ocr_line' id='line_1_25' title="bbox 366 2520 2358 2595; baseline 0.006 -24"><span class='ocrx_word' id='word_1_225' title='bbox 366 2520 484 2584; x_wconf 89' lang='lat' dir='ltr'><strong>fuit,</strong></span> <span class='ocrx_word' id='word_1_226' title='bbox 511 2540 635 2572; x_wconf 90' lang='lat' dir='ltr'><strong>nam</strong></span> <span class='ocrx_word' id='word_1_227' title='bbox 669 2523 823 2574; x_wconf 85' lang='lat' dir='ltr'><strong>famae</strong></span> <span class='ocrx_word' id='word_1_228' title='bbox 849 2541 959 2574; x_wconf 92' lang='lat' dir='ltr'><strong>non</strong></span> <span class='ocrx_word' id='word_1_229' title='bbox 987 2524 1330 2588; x_wconf 88' lang='lat' dir='ltr'><strong>credideram,</strong></span> <span class='ocrx_word' id='word_1_230' title='bbox 1359 2525 1452 2575; x_wconf 87' lang='lat' dir='ltr'><strong>sed</strong></span> <span class='ocrx_word' id='word_1_231' title='bbox 1494 2544 1589 2592; x_wconf 91' lang='lat' dir='ltr'><strong>sua</strong></span> <span class='ocrx_word' id='word_1_232' title='bbox 1614 2525 1746 2576; x_wconf 92' lang='lat' dir='ltr'><strong>mihi</strong></span> <span class='ocrx_word' id='word_1_233' title='bbox 1773 2545 1931 2595; x_wconf 91' lang='lat' dir='ltr'><strong>quem</strong></span> <span class='ocrx_word' id='word_1_234' title='bbox 1958 2529 2358 2582; x_wconf 90' lang='lat' dir='ltr'><strong>veracissimum</strong></span> 
     </span>
     <span class='ocr_line' id='line_1_26' title="bbox 365 2606 2358 2680; baseline 0.006 -25"><span class='ocrx_word' id='word_1_235' title='bbox 365 2606 491 2656; x_wconf 91' lang='lat' dir='ltr'><strong>novi</strong></span> <span class='ocrx_word' id='word_1_236' title='bbox 538 2608 804 2676; x_wconf 90' lang='lat' dir='ltr'><strong>persuasit</strong></span> <span class='ocrx_word' id='word_1_237' title='bbox 852 2609 1075 2661; x_wconf 91' lang='lat' dir='ltr'><strong>assertio</strong></span> <span class='ocrx_word' id='word_1_238' title='bbox 1120 2618 1174 2662; x_wconf 89' lang='lat' dir='ltr'><strong>te</strong></span> <span class='ocrx_word' id='word_1_239' title='bbox 1219 2610 1509 2679; x_wconf 89' lang='lat' dir='ltr'><strong>Appolline</strong></span> <span class='ocrx_word' id='word_1_240' title='bbox 1549 2611 1860 2677; x_wconf 85' lang='lat' dir='ltr'><strong>doctiorem,</strong></span> <span class='ocrx_word' id='word_1_241' title='bbox 1905 2613 2042 2667; x_wconf 88' lang='lat' dir='ltr'><strong>Jove</strong></span> <span class='ocrx_word' id='word_1_242' title='bbox 2080 2615 2358 2680; x_wconf 89' lang='lat' dir='ltr'><strong>leniorem,</strong></span> 
     </span>
     <span class='ocr_line' id='line_1_27' title="bbox 366 2689 2356 2769; baseline 0.006 -28"><span class='ocrx_word' id='word_1_243' title='bbox 366 2689 542 2742; x_wconf 88' lang='lat' dir='ltr'><strong>Marte</strong></span> <span class='ocrx_word' id='word_1_244' title='bbox 567 2691 875 2756; x_wconf 88' lang='lat' dir='ltr'><strong>leoniorem,</strong></span> <span class='ocrx_word' id='word_1_245' title='bbox 900 2711 998 2762; x_wconf 89' lang='lat' dir='ltr'><strong>pro</strong></span> <span class='ocrx_word' id='word_1_246' title='bbox 1032 2701 1293 2763; x_wconf 87' lang='lat' dir='ltr'><strong>tempore,</strong></span> <span class='ocrx_word' id='word_1_247' title='bbox 1319 2695 1456 2759; x_wconf 87' lang='lat' dir='ltr'><strong>locO,</strong></span> <span class='ocrx_word' id='word_1_248' title='bbox 1485 2702 1539 2746; x_wconf 93' lang='lat' dir='ltr'><strong>et</strong></span> <span class='ocrx_word' id='word_1_249' title='bbox 1575 2696 1757 2760; x_wconf 92' lang='lat' dir='ltr'><strong>mod0,</strong></span> <span class='ocrx_word' id='word_1_250' title='bbox 1784 2715 1884 2749; x_wconf 89' lang='lat' dir='ltr'><strong>nec</strong></span> <span class='ocrx_word' id='word_1_251' title='bbox 1925 2706 2009 2749; x_wconf 89' lang='lat' dir='ltr'><strong>est</strong></span> <span class='ocrx_word' id='word_1_252' title='bbox 2042 2699 2217 2769; x_wconf 91' lang='lat' dir='ltr'><strong>aliqua</strong></span> <span class='ocrx_word' id='word_1_253' title='bbox 2255 2701 2356 2753; x_wconf 91' lang='lat' dir='ltr'><strong>diis</strong></span> 
     </span>
     <span class='ocr_line' id='line_1_28' title="bbox 365 2775 2358 2852; baseline 0.008 -28"><span class='ocrx_word' id='word_1_254' title='bbox 365 2775 486 2825; x_wconf 91' lang='lat' dir='ltr'><strong>data</strong></span> <span class='ocrx_word' id='word_1_255' title='bbox 511 2784 702 2844; x_wconf 83' lang='lat' dir='ltr'><strong>praeter</strong></span> <span class='ocrx_word' id='word_1_256' title='bbox 725 2778 1078 2830; x_wconf 77' lang='lat' dir='ltr'><strong>aeternitatem</strong></span> <span class='ocrx_word' id='word_1_257' title='bbox 1113 2779 1355 2843; x_wconf 84' lang='lat' dir='ltr'><strong>felicitaS,</strong></span> <span class='ocrx_word' id='word_1_258' title='bbox 1390 2799 1548 2849; x_wconf 91' lang='lat' dir='ltr'><strong>quam</strong></span> <span class='ocrx_word' id='word_1_259' title='bbox 1575 2800 1686 2833; x_wconf 90' lang='lat' dir='ltr'><strong>non</strong></span> <span class='ocrx_word' id='word_1_260' title='bbox 1714 2782 1822 2833; x_wconf 92' lang='lat' dir='ltr'><strong>tuis</strong></span> <span class='ocrx_word' id='word_1_261' title='bbox 1858 2783 2164 2852; x_wconf 86' lang='lat' dir='ltr'><strong>adjunxerit</strong></span> <span class='ocrx_word' id='word_1_262' title='bbox 2187 2787 2358 2839; x_wconf 91' lang='lat' dir='ltr'><strong>laudi-</strong></span> 
     </span>
     <span class='ocr_line' id='line_1_29' title="bbox 365 2859 2356 2932; baseline 0.007 -22"><span class='ocrx_word' id='word_1_263' title='bbox 365 2859 481 2911; x_wconf 94' lang='lat' dir='ltr'><strong>bus.</strong></span> <span class='ocrx_word' id='word_1_264' title='bbox 558 2861 791 2925; x_wconf 88' lang='lat' dir='ltr'><strong>Credidi,</strong></span> <span class='ocrx_word' id='word_1_265' title='bbox 817 2864 1002 2926; x_wconf 87' lang='lat' dir='ltr'><strong>fateor,</strong></span> <span class='ocrx_word' id='word_1_266' title='bbox 1030 2870 1084 2914; x_wconf 91' lang='lat' dir='ltr'><strong>et</strong></span> <span class='ocrx_word' id='word_1_267' title='bbox 1110 2871 1264 2932; x_wconf 90' lang='lat' dir='ltr'><strong>capta</strong></span> <span class='ocrx_word' id='word_1_268' title='bbox 1291 2882 1428 2929; x_wconf 89' lang='lat' dir='ltr'><strong>sum,</strong></span> <span class='ocrx_word' id='word_1_269' title='bbox 1456 2873 1510 2916; x_wconf 92' lang='lat' dir='ltr'><strong>et</strong></span> <span class='ocrx_word' id='word_1_270' title='bbox 1547 2884 1667 2918; x_wconf 91' lang='lat' dir='ltr'><strong>ecce</strong></span> <span class='ocrx_word' id='word_1_271' title='bbox 1694 2867 1793 2918; x_wconf 90' lang='lat' dir='ltr'><strong>tibi</strong></span> <span class='ocrx_word' id='word_1_272' title='bbox 1831 2868 2154 2921; x_wconf 90' lang='lat' dir='ltr'><strong>desideratas</strong></span> <span class='ocrx_word' id='word_1_273' title='bbox 2189 2872 2356 2924; x_wconf 87' lang='lat' dir='ltr'><strong>offero</strong></span> 
     </span>
     <span class='ocr_line' id='line_1_30' title="bbox 365 2944 2356 3024; baseline 0.008 -30"><span class='ocrx_word' id='word_1_274' title='bbox 365 2944 486 2995; x_wconf 87' lang='lat' dir='ltr'><strong>laeta</strong></span> <span class='ocrx_word' id='word_1_275' title='bbox 511 2946 777 2998; x_wconf 80' lang='lat' dir='ltr'><strong>deliciaS.”</strong></span> <span class='ocrx_word' id='word_1_276' title='bbox 828 2948 903 2998; x_wconf 91' lang='lat' dir='ltr'><strong>Et</strong></span> <span class='ocrx_word' id='word_1_277' title='bbox 928 2949 1216 3013; x_wconf 88' lang='lat' dir='ltr'><strong>decumbit,</strong></span> <span class='ocrx_word' id='word_1_278' title='bbox 1244 2957 1298 3001; x_wconf 93' lang='lat' dir='ltr'><strong>et</strong></span> <span class='ocrx_word' id='word_1_279' title='bbox 1323 2951 1559 3015; x_wconf 87' lang='lat' dir='ltr'><strong>attrahit,</strong></span> <span class='ocrx_word' id='word_1_280' title='bbox 1591 2952 1907 3022; x_wconf 85' lang='lat' dir='ltr'><strong>frenumque</strong></span> <span class='ocrx_word' id='word_1_281' title='bbox 1944 2955 2109 3007; x_wconf 91' lang='lat' dir='ltr'><strong>furori</strong></span> <span class='ocrx_word' id='word_1_282' title='bbox 2147 2975 2356 3024; x_wconf 92' lang='lat' dir='ltr'><strong>ponens</strong></span> 
     </span>
     <span class='ocr_line' id='line_1_31' title="bbox 365 3030 2357 3107; baseline 0.008 -28"><span class='ocrx_word' id='word_1_283' title='bbox 365 3030 657 3098; x_wconf 89' lang='lat' dir='ltr'><strong>respondit,</strong></span> <span class='ocrx_word' id='word_1_284' title='bbox 697 3034 731 3059; x_wconf 77' lang='lat'><strong>‘⁶</strong></span> <span class='ocrx_word' id='word_1_285' title='bbox 757 3031 1050 3101; x_wconf 91' lang='lat' dir='ltr'><strong>Nunquam</strong></span> <span class='ocrx_word' id='word_1_286' title='bbox 1077 3052 1107 3084; x_wconf 94' lang='lat' dir='ltr'><strong>a</strong></span> <span class='ocrx_word' id='word_1_287' title='bbox 1134 3034 1275 3085; x_wconf 90' lang='lat' dir='ltr'><strong>Reso</strong></span> <span class='ocrx_word' id='word_1_288' title='bbox 1303 3035 1518 3086; x_wconf 89' lang='lat' dir='ltr'><strong>Rolloni</strong></span> <span class='ocrx_word' id='word_1_289' title='bbox 1543 3055 1640 3105; x_wconf 91' lang='lat' dir='ltr'><strong>pro</strong></span> <span class='ocrx_word' id='word_1_290' title='bbox 1666 3036 1994 3107; x_wconf 87' lang='lat' dir='ltr'><strong>benignitate</strong></span> <span class='ocrx_word' id='word_1_291' title='bbox 2032 3041 2357 3095; x_wconf 89' lang='lat' dir='ltr'><strong>retribuetur</strong></span> 
     </span>
     <span class='ocr_line' id='line_1_32' title="bbox 365 3113 2354 3194; baseline 0.008 -31"><span class='ocrx_word' id='word_1_292' title='bbox 365 3113 554 3181; x_wconf 88' lang='lat' dir='ltr'><strong>injuria</strong></span> <span class='ocrx_word' id='word_1_293' title='bbox 574 3137 587 3179; x_wconf 85' lang='lat'>3</span> <span class='ocrx_word' id='word_1_294' title='bbox 631 3116 950 3168; x_wconf 89' lang='lat' dir='ltr'><strong>inurbanum</strong></span> <span class='ocrx_word' id='word_1_295' title='bbox 978 3119 1121 3170; x_wconf 92' lang='lat' dir='ltr'><strong>enim</strong></span> <span class='ocrx_word' id='word_1_296' title='bbox 1149 3127 1232 3170; x_wconf 92' lang='lat' dir='ltr'><strong>est</strong></span> <span class='ocrx_word' id='word_1_297' title='bbox 1249 3128 1310 3170; x_wconf 90' lang='lat' dir='ltr'><strong>ut</strong></span> <span class='ocrx_word' id='word_1_298' title='bbox 1331 3120 1374 3172; x_wconf 89' lang='lat' dir='ltr'><strong>ei</strong></span> <span class='ocrx_word' id='word_1_299' title='bbox 1398 3121 1613 3173; x_wconf 91' lang='lat' dir='ltr'><strong>thorum</strong></span> <span class='ocrx_word' id='word_1_300' title='bbox 1634 3123 1846 3188; x_wconf 87' lang='lat' dir='ltr'><strong>violem,</strong></span> <span class='ocrx_word' id='word_1_301' title='bbox 1869 3143 2028 3194; x_wconf 91' lang='lat' dir='ltr'><strong>quem</strong></span> <span class='ocrx_word' id='word_1_302' title='bbox 2054 3126 2187 3178; x_wconf 85' lang='lat' dir='ltr'><strong>mihi</strong></span> <span class='ocrx_word' id='word_1_303' title='bbox 2207 3135 2354 3179; x_wconf 89' lang='lat' dir='ltr'><strong>totus</strong></span> 
     </span>
     <span class='ocr_line' id='line_1_33' title="bbox 368 3201 2354 3281; baseline 0.008 -32"><span class='ocrx_word' id='word_1_304' title='bbox 368 3201 578 3266; x_wconf 83' lang='lat' dir='ltr'><strong>negavit</strong></span> <span class='ocrx_word' id='word_1_305' title='bbox 603 3202 762 3266; x_wconf 92' lang='lat' dir='ltr'><strong>orbis,</strong></span> <span class='ocrx_word' id='word_1_306' title='bbox 790 3210 842 3254; x_wconf 89' lang='lat' dir='ltr'><strong>et</strong></span> <span class='ocrx_word' id='word_1_307' title='bbox 872 3203 986 3271; x_wconf 90' lang='lat' dir='ltr'><strong>ipse</strong></span> <span class='ocrx_word' id='word_1_308' title='bbox 1012 3205 1315 3273; x_wconf 82' lang='lat' dir='ltr'><strong>praestitit.”</strong></span> <span class='ocrx_word' id='word_1_309' title='bbox 1392 3206 1480 3259; x_wconf 84' lang='lat' dir='ltr'><strong>Sic</strong></span> <span class='ocrx_word' id='word_1_310' title='bbox 1506 3207 1745 3260; x_wconf 89' lang='lat' dir='ltr'><strong>abscedit</strong></span> <span class='ocrx_word' id='word_1_311' title='bbox 1782 3217 1837 3261; x_wconf 92' lang='lat' dir='ltr'><strong>et</strong></span> <span class='ocrx_word' id='word_1_312' title='bbox 1869 3210 2134 3276; x_wconf 86' lang='lat' dir='ltr'><strong>abstinet3</strong></span> <span class='ocrx_word' id='word_1_313' title='bbox 2172 3220 2354 3281; x_wconf 90' lang='lat' dir='ltr'><strong>potest</strong></span> 
     </span>
     <span class='ocr_line' id='line_1_34' title="bbox 368 3291 2355 3367; baseline 0.008 -34"><span class='ocrx_word' id='word_1_314' title='bbox 368 3291 421 3333; x_wconf 88' lang='lat' dir='ltr'><strong>et</strong></span> <span class='ocrx_word' id='word_1_315' title='bbox 446 3302 551 3334; x_wconf 89' lang='lat' dir='ltr'><strong>non</strong></span> <span class='ocrx_word' id='word_1_316' title='bbox 590 3294 671 3337; x_wconf 88' lang='lat' dir='ltr'><strong>est</strong></span> <span class='ocrx_word' id='word_1_317' title='bbox 695 3295 1055 3356; x_wconf 83' lang='lat' dir='ltr'><strong>transgressus</strong></span> <span class='ocrx_word' id='word_1_318' title='bbox 1075 3311 1089 3354; x_wconf 83' lang='lat'><em>3</em></span> <span class='ocrx_word' id='word_1_319' title='bbox 1127 3291 1326 3343; x_wconf 91' lang='lat' dir='ltr'><strong>vicerat</strong></span> <span class='ocrx_word' id='word_1_320' title='bbox 1362 3292 1536 3361; x_wconf 89' lang='lat' dir='ltr'><strong>ipsam</strong></span> <span class='ocrx_word' id='word_1_321' title='bbox 1575 3302 1638 3345; x_wconf 92' lang='lat' dir='ltr'><strong>ut</strong></span> <span class='ocrx_word' id='word_1_322' title='bbox 1664 3294 1766 3346; x_wconf 94' lang='lat' dir='ltr'><strong>sibi</strong></span> <span class='ocrx_word' id='word_1_323' title='bbox 1796 3304 1995 3364; x_wconf 89' lang='lat' dir='ltr'><strong>parcat,</strong></span> <span class='ocrx_word' id='word_1_324' title='bbox 2021 3297 2189 3348; x_wconf 88' lang='lat' dir='ltr'><strong>vincit</strong></span> <span class='ocrx_word' id='word_1_325' title='bbox 2215 3297 2355 3367; x_wconf 90' lang='lat' dir='ltr'><strong>seip-</strong></span> 
     </span>
     <span class='ocr_line' id='line_1_35' title="bbox 369 3369 2351 3448; baseline 0.01 -31"><span class='ocrx_word' id='word_1_326' title='bbox 369 3385 486 3418; x_wconf 92' lang='lat' dir='ltr'><strong>sum</strong></span> <span class='ocrx_word' id='word_1_327' title='bbox 506 3376 567 3419; x_wconf 92' lang='lat' dir='ltr'><strong>ut</strong></span> <span class='ocrx_word' id='word_1_328' title='bbox 599 3369 715 3437; x_wconf 90' lang='lat' dir='ltr'><strong>ipsa</strong></span> <span class='ocrx_word' id='word_1_329' title='bbox 740 3379 911 3423; x_wconf 89' lang='lat' dir='ltr'><strong>careat</strong></span> <span class='ocrx_word' id='word_1_330' title='bbox 931 3393 945 3436; x_wconf 85' lang='lat'>3</span> <span class='ocrx_word' id='word_1_331' title='bbox 980 3374 1201 3426; x_wconf 87' lang='lat' dir='ltr'><strong>victoria</strong></span> <span class='ocrx_word' id='word_1_332' title='bbox 1226 3376 1371 3444; x_wconf 91' lang='lat' dir='ltr'><strong>prior</strong></span> <span class='ocrx_word' id='word_1_333' title='bbox 1397 3377 1488 3429; x_wconf 94' lang='lat' dir='ltr'><strong>diu</strong></span> <span class='ocrx_word' id='word_1_334' title='bbox 1515 3379 1694 3443; x_wconf 90' lang='lat' dir='ltr'><strong>dilata,</strong></span> <span class='ocrx_word' id='word_1_335' title='bbox 1719 3381 1985 3448; x_wconf 91' lang='lat' dir='ltr'><strong>posterior</strong></span> <span class='ocrx_word' id='word_1_336' title='bbox 2010 3381 2116 3433; x_wconf 90' lang='lat' dir='ltr'><strong>cito</strong></span> <span class='ocrx_word' id='word_1_337' title='bbox 2144 3382 2351 3447; x_wconf 86' lang='lat' dir='ltr'><strong>collata,</strong></span> 
     </span>
    </p>
   </div>
  </div>
 </body>
</html>
