2638 3860
365 380 464 429 198
1077 382 1386 419 GUALTERI
1429 381 1628 416 MAPEs
2046 381 2244 430 [Distinc.
2267 381 2320 418 v,

358 514 694 587 propositum
750 515 833 565 est
881 509 1039 561 ullius
1081 525 1319 576 unquam
1373 505 1671 558 bonitatem
1732 503 1934 555 invidia
1997 505 2347 574 supprimere.

362 602 512 653 Idem
538 597 764 650 inimicis
791 594 1024 647 obsessis
1063 600 1118 644 et
1141 590 1379 661 periculo
1423 590 1580 641 famis
1626 588 1726 640 sub
1771 589 1981 640 hastam
2018 590 2095 641 ire
2131 589 2349 653 coactiS,

357 684 575 752 largitus
620 687 703 731 est
744 677 1010 741 victualia,
1050 683 1114 728 ut
1151 676 1320 745 ipsius
1358 673 1562 726 viribus
1607 680 1662 724 et
1705 690 1818 724 non
1862 690 2094 724 annonae
2136 674 2348 726 defectu

356 769 708 827 vincerentur,
753 763 1005 831 auxitque
1050 779 1248 813 nornen
1292 759 1529 812 victoriae
1574 777 1684 810 suae
1723 757 1848 809 licet
1892 757 2117 809 distulit.
2193 759 2347 810 Idem

355 850 562 904 vicariis
591 849 701 900 suis
736 854 1048 899 mansuetus
1094 854 1148 898 et
1187 846 1334 897 mitis
1379 852 1588 897 exteras
1623 842 1923 895 debellabat
1946 851 2152 911 genteS,
2177 842 2348 894 instar
2400 888 2411 899 ,

355 933 616 1002 accipitris
644 931 734 1000 qui
759 931 932 981 nullas
970 948 1208 998 unquam
1242 929 1463 981 infestat
1488 946 1613 980 aves
1639 927 1769 978 nido
1802 944 1919 990 SUO,
1949 927 2223 995 proximas
2250 926 2347 979 sed

356 1037 534 1071 earum
560 1019 742 1069 hostes
769 1015 1001 1086 pacificis
1037 1023 1180 1068 arcet
1207 1014 1492 1084 unguibuS,
1519 1022 1574 1065 et
1598 1012 1986 1065 remotissimas
2012 1013 2070 1064 in
2107 1013 2346 1082 praedam

357 1103 588 1156 adducit.

643 1275 725 1325 De
751 1274 950 1340 oriyine
981 1274 1218 1326 Godwim'
1245 1274 1464 1337 comitale,
1492 1277 1543 1323 et
1569 1271 1680 1337 ejus
1697 1272 1942 1323 moribus
1981 1271 2055 1323 iii.

426 1444 586 1495 Anno
603 1443 669 1495 ab
687 1443 1048 1496 incarnatione
1070 1443 1294 1495 Domini
1320 1443 1491 1512 mliiij.
1520 1449 1675 1511 capta
1695 1449 1778 1494 est
1800 1441 2103 1495 Sarracenis
2124 1441 2161 1493 J
2164 1458 2346 1492 erusa-

354 1530 478 1593 lem,
535 1537 589 1581 et
650 1529 803 1580 annis
863 1529 1211 1598 quadraginta
1263 1529 1499 1598 quinque
1560 1528 1795 1591 detenta,
1858 1527 2012 1578 annis
2069 1526 2163 1596 xij.
2220 1534 2345 1578 ante

354 1615 622 1666 redactam
662 1615 718 1665 in
758 1615 1074 1667 servitutem
1121 1615 1534 1667 Sarracenorum
1581 1613 1883 1665 Jerusalem
1922 1612 2252 1664 Normannis
2292 1618 2348 1663 et

356 1700 543 1768 Anglis
571 1700 710 1751 data.

836 1800 958 1838 Anno
979 1800 1143 1838 milleno
1163 1803 1334 1838 centeno
1354 1803 1616 1849 septuageno,

838 1866 1044 1916 Septimus
1065 1878 1087 1903 a
1107 1866 1210 1904 deno
1230 1866 1299 1904 dat
1318 1865 1543 1903 Jerusalem
1566 1864 1779 1903 Saladeno.

837 1948 959 1986 Anno
980 1948 1142 1986 milleno
1164 1946 1408 1996 sexagesimo
1428 1958 1590 1996 quoque
1612 1958 1724 1992 seno,

839 2016 1067 2064 Anglorum
1086 2019 1204 2053 metae
1226 2015 1376 2053 crinem
1397 2025 1555 2052 sensere
1575 2017 1759 2053 cometae.

839 2095 959 2132 Anno
980 2095 1143 2133 milleno
1162 2099 1332 2133 centeno
1353 2107 1433 2144 quo
1455 2094 1587 2132 minus
1606 2107 1705 2141 uno,

837 2161 1062 2200 Jerusalem
1083 2162 1227 2200 Franci
1247 2162 1413 2212 capiunt
1432 2162 1581 2200 virtute
1601 2162 1804 2212 potenti.*

426 2270 600 2323 Annis
618 2270 834 2339 triginta
853 2271 1024 2322 tribus
1047 2278 1171 2322 ante
1188 2278 1396 2338 captam
1418 2270 1719 2323 Jerusalem
1740 2291 1770 2323 a
1790 2272 2066 2325 Saracenis
2083 2274 2349 2344 captivata

356 2361 437 2406 est
485 2354 707 2417 Anosia,
751 2362 806 2406 et
846 2372 941 2423 per
980 2355 1113 2405 iram
1156 2354 1403 2406 altissimi
1450 2356 1573 2407 data
1614 2365 1697 2408 est
1748 2357 2097 2410 Normannis.
2173 2361 2350 2413 Annis

355 2439 560 2490 circiter
596 2438 768 2490 tribus
815 2447 938 2490 ante
977 2440 1115 2490 hanc
1142 2439 1548 2491 subversionem
1575 2441 1895 2507 Jerusalem,
1924 2462 2042 2512 quae
2075 2444 2131 2495 in
2179 2446 2349 2497 multa

354 2541 483 2591 pace
524 2532 895 2587 consenuerat,
925 2524 1425 2595 Constantinopolis
1453 2526 1519 2577 ab
1546 2527 1882 2591 Andronio‚†
1915 2530 2069 2597 cujus
2111 2532 2350 2599 nequitia

356 2607 589 2658 Neronis
615 2608 789 2676 impar
829 2627 940 2659 non
965 2609 1068 2660 fuit
1095 2609 1139 2660 si
1165 2628 1276 2660 non
1298 2611 1483 2679 major,
1509 2611 1694 2663 multis
1722 2620 1777 2663 et
1801 2613 2099 2666 innumeris
2127 2615 2350 2667 obtenta

355 2700 439 2742 est
479 2700 533 2743 et
575 2693 757 2744 habita
798 2694 951 2745 dolis.
1029 2695 1116 2746 Sic
1167 2695 1607 2747 subversionibus
1659 2697 1962 2751 Jerusalem
1995 2701 2350 2769 prophetissae

355 2778 572 2828 fuerunt
615 2786 669 2829 et
717 2779 1041 2847 praenunciae
1087 2780 1206 2832 duae
1254 2781 1543 2849 praedictae.
1621 2782 1728 2834 Sed
1769 2791 1831 2834 ut
1884 2802 2064 2835 earum
2115 2786 2350 2838 rationes

355 2861 411 2913 in
436 2870 711 2931 posterum
751 2883 862 2916 non
902 2865 1170 2930 deficiant,
1195 2866 1447 2918 notandae
1481 2874 1609 2918 sunt
1646 2875 1702 2920 et
1737 2868 1898 2936 paulo
1927 2869 2351 2939 digrediendum.

409 3031 433 3053 *²
462 3029 677 3069 Memorial
713 3043 846 3069 verses
884 3031 930 3070 of
963 3032 1044 3070 this
1083 3032 1181 3071 kind
1218 3046 1323 3072 were
1377 3034 1502 3072 ceded
1533 3035 1601 3074 the
1640 3035 1849 3086 Conquest
1876 3037 1923 3076 of
1964 3038 2152 3088 England
2190 3038 2245 3090 by
2283 3039 2352 3078 the

359 3097 478 3133 much
497 3097 539 3134 in
560 3111 630 3135 use
650 3098 693 3135 in
724 3099 793 3136 the
826 3098 984 3137 Middle
1004 3099 1128 3147 Ages,
1157 3101 1236 3138 and
1256 3114 1322 3139 are
1378 3101 1597 3148 Normans‚
1618 3104 1652 3142 is
1673 3117 1696 3142 a
1716 3106 1805 3143 well
1823 3106 1972 3144 known
1993 3119 2087 3145 one.

358 3162 482 3200 found
496 3166 693 3203 scattered
707 3166 748 3203 in
767 3171 879 3215 great
895 3166 1131 3204 abundance
1145 3167 1323 3218 through
1431 3172 1462 3215 †
1481 3171 1739 3211 Andronicus
1754 3173 1788 3211 I.
1802 3174 2005 3224 grandson
2022 3175 2069 3212 of
2077 3175 2216 3213 Alexis
2231 3175 2351 3214 Com-

359 3229 428 3267 tbe
473 3233 754 3283 manuscripts.
811 3234 896 3272 The
931 3235 1082 3272 second
1123 3236 1170 3274 of
1210 3236 1324 3275 these
1378 3251 1507 3277 nenus
1522 3233 1815 3291 (1183-1185).
1866 3240 1932 3279 He
1951 3255 2032 3280 was
2046 3246 2088 3279 at
2106 3243 2184 3280 last
2200 3255 2349 3281 massa-

362 3297 543 3345 couplets
572 3298 743 3349 relating
772 3304 814 3339 to
843 3300 911 3340 the
931 3306 1064 3340 comet
1085 3303 1215 3342 which
1233 3316 1322 3354 pre·
1377 3307 1469 3345 cred
1488 3306 1542 3358 by
1562 3307 1630 3347 the
1649 3309 1845 3359 populace
1865 3309 1911 3348 of
1929 3309 2275 3360 Constantinople.
