2638 3860
319 362 388 408 34
1032 368 1341 406 GUALTERI
1381 367 1582 404 MAPEs
2015 372 2215 424 [Distinc.
2232 372 2270 413 1.

316 496 663 565 perdurantes
717 497 774 548 in
821 493 1177 557 inclementia,
1219 493 1620 561 parvipendunt
1662 492 1853 547 animae
1896 496 2298 561 detrimentum,

316 598 468 632 aures
495 582 561 633 ad
586 581 727 633 aliud
754 587 952 632 erectas
977 578 1254 630 habentes,
1331 578 1602 628 Perlatum
1629 584 1712 628 est
1737 578 1804 629 ad
1843 580 2156 632 Babilonios
2193 582 2299 632 hoc

317 665 558 729 verbum,
602 674 656 717 et
693 665 1070 734 promissorem
1112 680 1221 713 suae
1262 661 1551 713 deditionis
1590 662 1904 714 familiarem
1943 664 2300 717 fortissimum

319 758 681 816 agnoscenteS,
707 767 770 800 eo
796 748 963 816 magis
990 753 1256 810 metuunt,
1283 764 1388 815 quo
1416 764 1527 797 suae
1564 746 1667 814 legi
1709 747 1876 815 magis
1921 748 2300 801 adversitatem

319 850 528 901 semper
570 835 813 897 oderunt,
840 831 1121 884 consilium
1151 831 1374 883 comiter
1416 831 1624 895 ineunt,
1667 839 1730 882 ut
1769 832 1860 900 qui
1904 833 2057 901 quasi
2099 851 2300 885 venum

317 919 602 986 exponitur
627 919 1020 988 quanticunque
1045 917 1140 968 fiat
1178 916 1245 968 ab
1285 917 1361 968 eis
1404 916 1664 982 evitatur3
1703 917 1988 986 missisque
2021 918 2209 987 legatis
2247 926 2303 971 et

317 1004 489 1070 pretio
527 1012 706 1056 taxato
742 1005 865 1056 dolo
904 1004 1055 1072 justo
1081 1002 1283 1053 talenta
1307 1002 1527 1053 tradunt
1564 1019 1701 1070 cupa
1738 1009 1937 1067 aurata,
1975 1021 2073 1072 pro
2117 1003 2302 1055 multae

317 1088 664 1154 pretiositatis
709 1106 901 1152 merce,
944 1088 1299 1155 timentesque
1336 1085 1706 1138 fortitudinem
1752 1087 1987 1138 hominis
2026 1087 2301 1152 invictam,

318 1169 539 1239 ligatum
566 1173 834 1243 accipiunt
858 1191 925 1224 ex
963 1172 1226 1224 condicto.
1286 1172 1387 1223 Per
1413 1171 1649 1223 medium
1676 1172 1906 1224 civitatis
1935 1173 2303 1225 Christianum

322 1273 379 1307 se
422 1258 698 1323 clamabat,
743 1266 798 1311 et
836 1258 987 1327 quasi
1027 1258 1301 1309 furentum
1341 1256 1714 1324 castigationes
1759 1265 1813 1309 et
1851 1257 2072 1310 verbera
2117 1257 2302 1309 salutis

324 1358 433 1392 suae
448 1343 610 1395 verba
634 1344 926 1412 propalare.
996 1344 1045 1394 A
1063 1342 1269 1395 civibus
1290 1341 1502 1394 obviam
1523 1342 1719 1395 festino
1740 1343 1935 1412 gaudio
1954 1343 2298 1395 venientibus

324 1427 563 1492 solvitur,
589 1429 679 1498 qui
705 1428 856 1497 quasi
880 1427 1065 1497 patriae
1092 1435 1317 1496 patrem,
1345 1426 1641 1491 dominum,
1668 1435 1723 1478 et
1763 1428 2099 1480 defensorem
2142 1445 2304 1479 vene-

321 1520 523 1576 rantur,
549 1522 604 1565 et
646 1533 766 1566 cum
812 1514 880 1565 ad
918 1513 1148 1565 civitatis
1191 1510 1429 1562 medium
1470 1518 1833 1578 pervenerunt
1876 1528 2009 1562 voce
2052 1511 2306 1580 preconia

322 1596 467 1647 citati
492 1597 632 1650 cives
657 1598 856 1650 residui
881 1598 1196 1648 adunantur.
1272 1595 1498 1646 Elevato
1524 1594 1686 1662 igitur
1705 1603 1760 1646 et
1785 1595 2018 1646 exaltato
2040 1604 2306 1648 concentu

322 1683 609 1746 communi,
621 1683 739 1734 Deo
758 1701 854 1734 suo
871 1690 1043 1750 grates
1060 1680 1210 1749 quasi
1230 1699 1260 1731 a
1277 1679 1526 1731 manibus
1545 1677 1973 1730 Christianorum
1991 1679 2178 1731 salvati
2194 1698 2306 1732 non

322 1775 531 1818 cessant
547 1768 1118 1835 exsolvere,sperantes
1139 1784 1262 1817 eum
1279 1765 1345 1815 ad
1356 1761 1719 1815 defensionem
1744 1781 1895 1814 suam
1913 1763 2015 1814 sibi
2031 1763 2309 1832 proficere,

323 1851 444 1918 quia
468 1851 691 1918 praeside
718 1850 982 1902 carebant.
1058 1850 1156 1900 Ille
1181 1866 1280 1899 nec
1305 1847 1676 1899 blandimento
1703 1867 1802 1900 nec
1826 1867 2000 1917 poenae
2022 1850 2307 1901 formidine

324 1935 462 1986 trahi
489 1954 544 1986 se
576 1936 794 2003 patitur,
827 1934 1126 1985 invocando
1146 1939 1372 2000 patrem,
1400 1930 1784 2001 Christumque
1812 1934 2109 1997 confessus,
2135 1942 2307 1986 totam

326 2019 486 2071 simul
509 2020 683 2071 reddit
706 2019 894 2071 urbem
923 2018 1223 2070 attonitam.
1299 2015 1458 2067 Cives
1475 2015 1637 2085 igitur
1654 2035 1896 2070 seorsum
1917 2036 1947 2069 a
1964 2018 2120 2070 turba
2136 2019 2306 2070 multo

327 2103 545 2154 student
561 2103 789 2167 silentiO,
799 2103 969 2154 multo
986 2102 1238 2154 conflictu
1255 2109 1560 2154 scrutantur
1569 2103 1771 2154 exitum
1785 2103 2066 2172 utriusque
2083 2104 2311 2156 consilii.

325 2189 534 2240 Assunt
559 2189 648 2257 qui
676 2189 857 2240 statim
885 2189 950 2240 de
993 2188 1171 2240 medio
1211 2189 1383 2239 facere
1428 2193 1687 2255 satagant,
1732 2195 1786 2238 et
1828 2206 1939 2239 non
1982 2188 2179 2240 desunt
2217 2188 2310 2257 qui

324 2275 393 2327 ob
419 2274 766 2326 reverentiam
792 2291 1032 2341 personae
1059 2273 1384 2342 dignissimae
1424 2280 1678 2324 censeant
1702 2273 2101 2335 reservandum,
2130 2281 2192 2325 ut
2217 2273 2310 2343 qui

324 2360 391 2411 ad
416 2367 628 2428 tempus
656 2358 850 2426 desipit
875 2358 1073 2426 aliquid
1097 2357 1389 2426 resipiscat.
1445 2356 1826 2408 Convocantur
1842 2357 2005 2409 vicini
2021 2358 2310 2427 principeS,

325 2451 379 2497 et
404 2444 531 2513 quid
554 2443 647 2494 fiat
671 2443 846 2495 edocti
871 2443 1079 2495 diversa
1104 2449 1457 2505 murmurant,
1483 2441 1751 2510 praecipue
1778 2441 1868 2510 qui
1889 2460 1945 2494 se
1967 2450 2185 2511 sperant
2202 2443 2310 2495 isto

327 2529 537 2581 sublato
564 2529 630 2580 ad
650 2528 1013 2580 defensionem
1041 2535 1096 2580 et
1115 2527 1261 2579 urbis
1289 2527 1587 2579 dominium
1614 2527 1887 2596 eligendos
1917 2528 2230 2596 sacrilegum
2257 2536 2313 2581 et

325 2622 621 2683 apostatam
641 2614 1060 2682 transfigendum
1086 2613 1251 2664 aiunt.
1329 2611 1438 2665 Qui
1462 2629 1589 2663 vero
1617 2611 1774 2662 saluti
1798 2612 2057 2664 studeunt
2081 2612 2230 2664 urbis
2257 2620 2313 2665 et

324 2699 679 2762 indemnitati,
707 2698 1116 2766 supplicandum
1157 2697 1206 2749 ei
1231 2695 1529 2748 consultius
1559 2694 1884 2747 arbitrantur
1927 2715 1957 2747 a
1997 2697 2308 2750 concivibus

326 2794 380 2838 et
405 2785 659 2854 cognatiS,
684 2790 747 2835 ut
770 2783 968 2851 pietate
993 2781 1229 2833 nutritiae
1257 2780 1485 2833 civitatis
1513 2787 1568 2831 et
1592 2797 1770 2831 amore
1795 2778 2146 2832 nobilissimae
2185 2799 2309 2851 cog-

325 2869 556 2921 nationis
583 2888 612 2919 a
636 2869 812 2920 furore
839 2866 1078 2928 desistat,
1105 2866 1348 2934 colatque
1374 2865 1503 2916 deos
1529 2871 1743 2933 patrum
1770 2882 1990 2917 suorum
2011 2885 2027 2928 3
2067 2866 2212 2933 quod
2245 2875 2309 2920 ut

329 2952 647 3006 omnimodis
690 2952 753 3003 fit
795 2951 941 3002 nulla
980 2950 1159 3020 potuit
1197 2949 1601 3019 supplicatione,
1636 2948 1758 3000 ullis
1792 2948 2023 3000 lacrimis
2062 2949 2310 3028 obtineri5

331 3040 519 3090 ductus
562 3037 721 3105 igitur
746 3036 814 3087 ad
847 3036 1085 3105 stipitem
1128 3035 1390 3103 alligatur,
1433 3041 1488 3086 et
1528 3034 1585 3084 in
1629 3033 1803 3085 modis
1848 3033 2309 3087 nobilissimorum

330 3130 620 3191 martyrum
644 3123 781 3192 regis
807 3121 1115 3173 Eadmundi
1152 3128 1208 3172 et
1247 3120 1392 3172 beati
1437 3118 1756 3183 Sebastiani,
1801 3118 2007 3187 sagittis
2050 3117 2308 3184 inmissis»,

330 3209 398 3259 ad
425 3207 696 3258 Christum
722 3207 968 3259 mittitur.
1044 3206 1332 3261 Quomodo
1362 3205 1431 3257 sit
1455 3204 1543 3256 hic
1569 3222 1634 3256 ex
1659 3221 1795 3272 aqua
1820 3210 1875 3255 et
1901 3202 2094 3271 spiritu
2121 3210 2306 3255 sancto

333 3299 564 3355 renatuS,
578 3291 745 3359 liquet
762 3292 887 3344 satis
905 3292 1048 3359 quod
1065 3291 1279 3361 sanguis
1294 3290 1469 3359 liquor
1485 3297 1585 3353 est,
1605 3294 1659 3341 et
1678 3286 1853 3340 omnis
1878 3286 2053 3355 liquor
2068 3303 2134 3338 ex
2159 3304 2310 3355 aqua.
