2638 3860
359 359 619 413 Cap.xxiii.]
981 359 1060 394 DE
1102 359 1287 396 Nvols
1328 359 1705 396 cmuAmUM.
2270 345 2343 406 97

1073 600 1157 651 De
1181 600 1375 652 eodem.
1450 599 1598 651 xxiii.

400 727 661 780 Luelinus
702 726 821 791 iste,
875 744 1000 779 cum
1048 734 1194 778 esset
1223 725 1460 795 juveniS,
1497 725 1714 779 vivente
1755 726 1986 780 Griffino
2024 733 2176 797 patre
2216 745 2333 791 SUO,

324 814 549 883 ignavus
570 819 683 866 erat
703 820 758 865 et
782 811 948 882 piger,
966 818 1021 863 et
1035 811 1246 882 paterni
1263 829 1548 864 concessor
1568 812 1779 879 cineriS,
1798 814 1963 867 homo
1981 814 2138 866 nauci
2158 821 2213 866 et
2239 814 2334 866 de-

323 901 496 953 fectus
523 899 615 969 qui
639 917 752 951 non
777 897 979 951 exibat.
1058 897 1162 949 Cui
1189 914 1339 949 soror
1366 915 1462 950 sua
1486 906 1613 967 post
1638 899 1808 951 multa
1826 899 2153 970 improperia
2172 906 2332 951 nocte

323 994 449 1038 ante
478 983 958 1038 Circumcisionem
984 982 1231 1053 proxima
1256 1001 1381 1035 cum
1405 982 1541 1036 fletu
1577 984 1813 1050 advenit,
1845 985 2048 1051 dicem,
2083 987 2120 1015 “
2140 984 2330 1037 Karis-

323 1071 457 1124 sime
481 1071 661 1135 frater,
685 1088 798 1122 non
825 1069 940 1120 sine
966 1087 1159 1138 magna
1185 1068 1502 1121 confusione
1527 1069 1667 1140 regis
1694 1077 1749 1122 et
1778 1071 1929 1140 regni
1957 1071 2121 1141 hujus
2154 1072 2328 1123 factus

324 1176 381 1210 es
402 1158 455 1209 in
486 1156 723 1209 derisum
749 1163 806 1207 et
830 1154 1069 1206 fabulam
1096 1153 1360 1220 omnium,
1387 1172 1511 1207 cum
1538 1155 1610 1207 sis
1647 1155 1840 1208 unicus
1878 1164 1934 1209 et
1964 1158 2135 1210 haeres
2173 1156 2330 1227 regis,

322 1243 487 1296 Nunc
513 1249 694 1294 autem
721 1258 835 1305 or0,
869 1246 932 1291 ut
965 1239 1111 1309 quod
1145 1246 1230 1292 est
1263 1239 1601 1293 levissimum
1635 1248 1690 1294 et
1729 1242 1844 1296 sine
1877 1243 2116 1312 periculo
2146 1244 2328 1296 facias·

321 1330 450 1382 Mos
475 1329 639 1399 hujus
669 1335 824 1380 terrae
857 1333 941 1379 est
971 1326 1118 1396 quod
1149 1326 1251 1379 hac
1282 1334 1461 1392 nocte,
1498 1346 1619 1397 quae
1655 1329 1830 1399 prima
1863 1337 1948 1383 est
1979 1330 2036 1381 in
2074 1329 2326 1383 noctibus

319 1415 464 1480 anni,
481 1421 682 1467 exeunt
698 1430 887 1465 omnes
910 1412 1139 1482 juvenes
1166 1411 1223 1463 in
1250 1412 1506 1482 praedam,
1522 1414 1609 1466 vel
1634 1414 1691 1466 in
1715 1415 1934 1479 furtam,
1951 1415 2037 1468 vel
2053 1415 2243 1467 saltem
2268 1414 2326 1466 in

317 1501 668 1565 auditionem,
677 1507 740 1551 ut
759 1498 1190 1568 experimentum
1209 1498 1436 1568 quisque
1453 1499 1519 1552 de
1537 1518 1594 1552 se
1611 1500 1787 1570 capiat
1801 1501 1859 1553 in
1875 1501 1960 1554 his
1970 1522 1985 1566 ;
2012 1501 2068 1553 in
2089 1501 2326 1571 praedam

316 1595 380 1639 ut
402 1586 682 1650 Gestinus,
704 1585 795 1655 qui
819 1585 980 1654 longe
1000 1585 1274 1654 profectus
1302 1585 1449 1653 quod
1473 1585 1654 1654 rapuit
1678 1587 1880 1657 absque
1905 1588 2123 1656 negotio
2149 1586 2326 1640 suavi-

315 1680 399 1725 ter
418 1672 624 1726 revexit
639 1679 694 1724 et
713 1689 855 1723 anno
872 1670 965 1722 illo
988 1669 1194 1739 magnis
1220 1670 1406 1723 floruit
1433 1672 1768 1724 successibus
1785 1694 1800 1740 3
1828 1673 1885 1725 in
1910 1674 2053 1725 furta
2077 1681 2141 1725 ut
2158 1672 2324 1725 Gole-

314 1758 572 1822 nusbard,
594 1758 770 1828 quide
787 1757 950 1809 domo
970 1774 1260 1826 porcorum
1280 1757 1545 1809 festucam
1563 1777 1727 1810 unam
1748 1759 1934 1812 retulit
1960 1759 2074 1812 sine
2095 1759 2248 1828 alicuj
2257 1777 2319 1811 us

312 1844 589 1914 grunnitU,
606 1851 662 1897 et
677 1861 1010 1913 quaecunque
1025 1841 1200 1894 voluit
1217 1841 1310 1893 illo
1326 1860 1469 1894 anno
1491 1843 1607 1895 sine
1624 1845 1839 1913 querela
1857 1845 1945 1898 vel
1961 1846 2143 1898 sonitu
2157 1845 2322 1898 furari

311 1931 493 2001 potuit
500 1952 515 1996 3
544 1930 597 1982 in
619 1929 950 1982 auditionem
977 1927 1066 1981 vel
1090 1927 1558 1994 auscultationem,
1583 1936 1647 1982 ut
1667 1929 1943 1995 TheudUS‚
1961 1931 2106 1999 quod
2125 1930 2319 1983 Latine

314 2017 511 2069 dicitur
536 2015 897 2080 TheodosiuS,
929 2013 1023 2084 qui
1056 2013 1244 2065 furtim
1283 2013 1543 2066 accedens
1578 2014 1647 2066 ad
1683 2015 1908 2067 domum
1931 2015 2182 2081 Meilerii,
2222 2035 2319 2068 au-

313 2101 448 2154 divit
480 2101 623 2154 intro
648 2119 821 2152 unum
855 2117 923 2152 ex
961 2098 1276 2152 sedentibus
1313 2098 1601 2165 dicentem,
1647 2100 1809 2153 ‘Vidi
1832 2100 1995 2154 hodie
2021 2119 2179 2154 mane
2215 2120 2317 2153 nu-

310 2187 557 2241 beculam
584 2204 615 2237 a
639 2184 775 2237 mari
811 2185 1120 2249 ascendere,
1154 2192 1209 2237 et
1234 2185 1376 2237 facta
1401 2192 1486 2236 est
1510 2185 1567 2236 in
1593 2186 1796 2239 nubem
1820 2187 2127 2252 maximam,
2154 2187 2229 2239 ita
2253 2196 2317 2240 ut

310 2281 489 2327 totum
509 2270 808 2341 operiretur
827 2288 972 2322 mare
988 2270 1022 2334 3'
1043 2287 1329 2339 processus
1344 2269 1507 2338 igitur
1525 2269 1652 2323 inde
1677 2270 1966 2324 arbitratus
1993 2290 2050 2324 se
2075 2272 2316 2325 nubecu-

309 2361 435 2424 lam,
472 2358 530 2410 id
555 2364 639 2410 est
673 2355 980 2426 parvulum,
1017 2373 1049 2406 a
1073 2354 1224 2419 mari,
1262 2353 1320 2405 id
1346 2361 1431 2406 est
1456 2354 1670 2420 Wallia,
1696 2374 1814 2425 quae
1842 2375 2054 2426 semper
2078 2357 2134 2410 in
2161 2365 2316 2410 motu

311 2453 414 2509 est,
435 2450 623 2496 natum
647 2459 828 2511 regem
854 2442 1119 2505 futurum,
1146 2439 1292 2509 quod
1318 2438 1367 2491 ei
1391 2446 1582 2508 postea
1608 2441 1813 2493 detexit
1831 2450 2075 2495 eventuS.
2150 2443 2314 2496 Nunc

309 2539 509 2594 autem,
545 2527 826 2579 karissime
851 2526 1031 2590 frater,
1071 2526 1261 2577 saltem
1294 2523 1352 2576 in
1395 2524 1641 2577 auditum
1679 2526 1782 2591 exi,
1823 2528 1970 2596 quod
2008 2528 2123 2581 sine
2161 2528 2311 2580 omni

307 2615 547 2686 periculo
567 2613 710 2666 est.”
786 2610 892 2663 His
919 2611 1186 2663 excitatus
1211 2627 1366 2680 puer,
1392 2609 1545 2679 quasi
1570 2628 1601 2662 a
1624 2611 1774 2680 gravi
1801 2613 2011 2666 somnio
2039 2622 2309 2684 surgente,

306 2701 490 2754 animo
511 2698 798 2750 devolutus
817 2696 874 2748 in
894 2695 1028 2748 iram
1046 2715 1208 2766 quam
1231 2713 1344 2747 non
1368 2703 1607 2758 noverat,
1628 2697 1736 2750 levi
1760 2705 1815 2749 et
1839 2705 2092 2768 prompta
2115 2701 2308 2753 volun-

306 2792 419 2838 tate
438 2786 611 2836 factus
632 2790 716 2835 est
733 2782 944 2835 validus
962 2788 1018 2834 et
1033 2780 1202 2851 agilis,
1223 2786 1278 2833 et
1298 2779 1464 2839 ascita
1485 2780 1766 2834 sodalitate
1785 2782 2022 2851 plurium
2041 2785 2109 2836 ad
2134 2786 2306 2854 parie-

305 2879 419 2922 tem
433 2868 535 2921 viri
560 2868 841 2937 cujusdam
866 2867 1067 2920 restitit
1091 2866 1229 2919 clam
1255 2865 1472 2918 arrectis
1499 2865 1735 2919 auribus.
1787 2866 2060 2920 Sedebant
2078 2869 2303 2935 interius

307 2953 466 3006 multi
515 2959 570 3005 et
616 2953 675 3003 in
712 2952 892 3005 medio
936 2969 1123 3004 eorum
1167 2951 1553 3021 expectabatur
1595 2951 1694 3004 bos
1738 2952 1795 3004 in
1831 2953 2003 3006 frusta
2036 2954 2303 3022 concisuS‚

309 3057 470 3109 quem
496 3054 656 3089 cocus
683 3054 872 3088 eorum
899 3055 1060 3107 super
1086 3037 1266 3106 ignem
1303 3035 1360 3088 in
1397 3035 1572 3088 lebete
1611 3053 1825 3105 creagra
1861 3036 2301 3106 circumterebat3

304 3124 400 3194 qui
426 3129 481 3174 et
505 3122 597 3186 ait,
654 3124 688 3150 ‘⁶
708 3121 894 3173 Unum
923 3120 1233 3174 admirabile
1257 3122 1492 3173 frustum
1517 3121 1659 3174 inter
1683 3121 1784 3174 alia
1808 3121 1896 3174 hic
1921 3123 2149 3191 repperi,
2175 3143 2302 3177 nam

302 3209 437 3263 illud
461 3207 736 3277 pessundo
763 3223 975 3275 semper
1000 3214 1055 3258 et
1080 3206 1180 3258 sub
1206 3206 1322 3258 aliis
1357 3224 1506 3276 pono
1544 3205 1853 3276 subjicienS,
1892 3214 1948 3260 et
1985 3208 2168 3260 statim
2207 3228 2302 3279 ap-

303 3300 456 3365 paret
481 3309 643 3361 super
668 3290 849 3344 omnia
872 3290 1029 3344 alia.''
1105 3291 1282 3345 “Hoc
1307 3309 1406 3362 ego
1446 3291 1620 3357 sum,''
1660 3290 1735 3344 ait
1771 3290 2051 3358 LuelinuS,
2089 3296 2301 3364 “quem

374 3395 564 3431 OAMD.
607 3393 729 3430 SOC.
1977 3394 2014 3430 Ο
