2638 3860
319 314 418 366 cap.
435 315 512 364 ιιι]
962 317 1040 350 DE
1083 317 1267 353 Nuels
1309 317 1687 353 CURIALIUM.
2206 304 2302 362 173

295 455 438 506 Nam
467 454 512 506 si
539 455 771 524 quandO,
800 457 944 525 quod
970 475 1089 509 raro
1114 457 1195 522 fit,
1232 458 1316 510 vel
1354 477 1634 511 successus
1661 457 1748 510 vel
1773 474 1905 527 opes
1932 456 2184 521 afferunt,
2211 467 2305 510 aut

293 548 403 592 tam
430 540 691 593 inutiliter
712 550 766 593 et
790 549 900 593 tam
919 561 1054 595 vane
1081 551 1381 608 transeunt,
1397 552 1461 596 ut
1486 545 1621 596 nihil
1648 543 1775 608 sint,
1802 550 1895 595 aut
1921 542 1976 594 in
2005 543 2301 595 cruciatum

295 626 494 678 cedunt
520 634 575 679 et
599 627 891 697 perniciem
920 628 1285 696 deceptorum.
1362 629 1481 698 Ego
1510 635 1690 680 autem
1717 628 1921 679 nullam
1948 647 1976 679 a
2003 635 2057 679 te
2076 637 2303 698 expecto

293 713 653 777 securitatem,
681 731 857 764 mores
884 721 992 764 tuae
1020 713 1344 765 sinceritatis
1363 715 1554 766 edocta
1572 714 1904 783 plenissime.
1981 714 2098 766 Nec
2115 733 2305 767 secura

293 799 562 851 contendo
607 799 740 862 fieri,
787 799 882 851 sed
923 808 977 851 te
1023 817 1273 851 securum
1317 800 1508 852 facere.
1601 800 1721 868 Ego
1762 798 1862 850 tibi
1903 806 2097 851 cuncta
2123 799 2302 853 libens

293 903 526 954 exponO,
571 893 626 937 et
669 886 791 937 volo
832 893 1012 937 tecum
1051 886 1167 937 haec
1194 885 1401 937 deferas
1428 893 1715 955 antequam
1752 903 2021 949 coeamUS,
2061 893 2117 937 et
2156 904 2302 956 saepe

293 970 573 1022 revertaris
619 971 686 1022 ad
730 971 884 1039 plura
919 971 1174 1034 tollenda,
1215 971 1386 1023 donec
1411 971 1666 1023 universo
1694 970 1877 1022 debito
1905 971 2082 1022 soluto
2108 971 2303 1040 proba-

292 1056 432 1108 veris
459 1056 799 1108 fantasticam
843 1074 955 1107 non
1000 1073 1119 1107 esse
1165 1056 1471 1124 pecuniam,
1517 1064 1573 1108 et
1610 1074 1721 1108 non
1749 1055 1940 1107 timeas
1966 1058 2079 1107 veri
2105 1057 2303 1108 amoris

292 1141 583 1211 impendiis
599 1142 777 1210 justas
794 1140 1088 1209 rependere
1108 1140 1270 1192 viceS.
1347 1141 1533 1192 Amari
1551 1141 1729 1211 cupio,
1754 1160 1867 1193 non
1894 1141 2177 1205 dominari,
2203 1160 2303 1194 nec

289 1228 451 1280 etiam
477 1227 577 1279 tibi
602 1226 885 1296 parificari,
904 1227 998 1278 sed
1025 1226 1216 1278 ancilla
1241 1227 1388 1291 fieri3
1415 1227 1553 1278 nihil
1577 1228 1632 1279 in
1661 1246 1748 1280 me
1769 1228 2002 1296 reperies
2021 1228 2166 1297 quod
2192 1246 2303 1280 non

290 1314 489 1366 sentias
517 1331 753 1365 amorem
782 1330 967 1381 sapere
983 1333 997 1378 3
1038 1313 1245 1363 nullum
1265 1313 1605 1366 adversitatis
1631 1313 1687 1383 in
1715 1331 1801 1365 me
1830 1313 2043 1382 signum
2076 1313 2304 1382 depren-

291 1401 414 1452 dere
453 1406 712 1468 poterunt
748 1417 875 1451 vera
917 1398 1174 1450 indicta.’'
1252 1399 1389 1451 Haec
1424 1408 1480 1451 et
1516 1399 1712 1451 similia
1753 1399 1925 1450 multa
1980 1398 2303 1463 Meridiana,

291 1505 414 1537 cum
454 1504 580 1546 non⁴
602 1492 892 1554 oporteret.
967 1485 1178 1536 Avidus
1215 1486 1359 1537 enim
1394 1485 1695 1538 ablatorum
1726 1485 2024 1538 Gerbertus
2051 1486 2162 1537 fere
2191 1503 2303 1536 me-

293 1571 393 1622 diis
421 1589 538 1622 eam
565 1570 743 1639 rapuit
769 1570 1107 1622 sermonibus
1129 1571 1196 1621 ad
1223 1572 1590 1636 annuendum,
1610 1571 1803 1623 anxius
1831 1571 2162 1640 paupertatis
2180 1589 2303 1623 eva-

293 1657 417 1708 dere
445 1655 697 1725 copiosus
737 1655 1122 1724 captivitatem,
1162 1663 1216 1707 et
1253 1656 1411 1708 velox
1437 1655 1884 1708 venustissimum
1910 1655 2137 1707 Veneris
2164 1656 2304 1724 peri-

297 1742 476 1793 culum
503 1742 654 1794 inire.
733 1741 974 1810 Supplex
999 1740 1161 1809 igitur
1186 1740 1368 1792 omnia
1394 1741 1648 1810 spondet,
1674 1740 1838 1792 fidem
1865 1740 2039 1804 offert,
2066 1748 2120 1792 et
2157 1743 2303 1810 quod

293 1846 402 1880 non
429 1829 632 1897 petitur
651 1829 1019 1897 juramentum
1048 1826 1230 1878 oscula
1250 1826 1449 1895 jungit,
1477 1826 1625 1878 salvo
1652 1825 1876 1894 pudoris
1901 1825 2108 1894 reliquo
2136 1833 2301 1879 tactu,

365 1914 529 1966 Redit
554 1922 784 1965 onustus
825 1912 1143 1976 GerbertUS,
1181 1912 1411 1964 nuncios
1438 1912 1720 1964 advenisse
1747 1911 2102 1963 creditoribus
2128 1912 2303 1982 fingit,

292 2007 347 2051 et
404 2000 547 2051 lente
598 2018 666 2051 ne
717 2000 998 2050 thesauros
1048 1998 1320 2050 invenisse
1370 1997 1618 2049 videatur
1669 2015 1725 2049 se
1779 1996 1975 2048 debitis
2027 2006 2301 2050 exonerat.

297 2087 461 2138 Porro
483 2086 594 2155 jam
620 2085 756 2136 liber
781 2092 835 2135 et
869 2084 1237 2135 Meridianae*
1274 2084 1589 2136 muneribus
1627 2083 1895 2147 abundus,
1933 2083 2301 2152 suppellectile

297 2170 514 2234 ditatur,
541 2169 741 2221 familia
767 2169 976 2232 crescit,
1002 2169 1235 2220 vestium
1262 2169 1568 2220 mutatoriis
1595 2176 1650 2220 et
1675 2186 1780 2220 aere
1808 2168 2132 2232 cumulatur,
2158 2168 2301 2220 ciba-

295 2256 387 2307 riis
416 2264 472 2307 et
497 2263 632 2324 potu
661 2254 946 2314 stabilitur,
972 2261 1034 2305 ut
1061 2253 1130 2305 sit
1156 2254 1271 2323 ejus
1297 2253 1355 2304 in
1383 2253 1568 2305 Remis
1596 2253 1750 2322 copia
1778 2253 1966 2304 similis
1992 2253 2175 2322 gloriae
2204 2254 2300 2305 Sa-

294 2341 527 2394 lomonis
568 2341 624 2391 in
666 2340 988 2403 Jerusalem,
1015 2348 1070 2391 et
1107 2339 1232 2391 lecti
1275 2357 1460 2391 secura
1483 2338 1671 2390 laetitia
1696 2357 1807 2390 non
1833 2338 2028 2402 minor,
2055 2338 2180 2390 licet
2206 2339 2295 2390 ille

295 2428 398 2479 fuit
424 2427 731 2491 multarum,
759 2426 845 2477 hic
870 2426 1031 2477 unius
1059 2432 1279 2476 amator.
1357 2424 1592 2493 Singulis
1620 2424 1686 2475 ab
1712 2423 1830 2493 ipsa
1856 2442 1975 2493 quae
2000 2423 2301 2493 praeterito-

295 2532 415 2565 rum
448 2513 690 2564 habebat
712 2512 989 2564 scientiam
1016 2511 1238 2562 docetur
1267 2510 1537 2577 noctibus,
1564 2509 1693 2578 quid
1717 2509 1773 2560 in
1802 2508 1887 2560 die
1915 2509 1986 2560 sit
2010 2509 2298 2577 agendum.

298 2600 404 2651 Hae
431 2607 558 2651 sunt
583 2607 769 2651 noctes
797 2596 1225 2648 admiratissimae
1264 2597 1480 2659 Numae,
1521 2595 1717 2664 quibus
1758 2595 1990 2646 Romani
2025 2594 2301 2663 fingebant

298 2686 553 2737 sacrificia
597 2685 729 2748 fieri,
774 2684 1039 2753 colloquia
1077 2683 1300 2735 deorum
1339 2682 1540 2745 ascissi,
1580 2699 1703 2733 cum
1730 2681 1943 2732 unicam
1972 2680 2186 2743 coleret,
2213 2679 2298 2732 cui

298 2779 564 2823 nocturno
593 2771 773 2822 studio
798 2769 1026 2821 sudabat
1043 2769 1249 2821 occulte
1277 2766 1612 2836 sapientiam.
1689 2765 1910 2834 Duplici
1935 2764 2148 2833 proficit
2175 2764 2301 2816 doc-

298 2856 436 2907 trina
465 2855 784 2918 Gerbertus,
810 2855 954 2906 thori
980 2862 1034 2906 ct
1061 2853 1275 2916 scholae,
1303 2860 1357 2904 et
1382 2852 1449 2903 ad
1479 2869 1691 2903 summa
1716 2851 1872 2902 famae
1898 2847 2300 2919 propugnacula

297 2942 596 3010 triumphat
620 2941 676 2992 in
703 2941 900 3010 gloria,
939 2959 1038 2991 nec
1082 2940 1261 2990 minus
1289 2957 1411 2990 eum
1456 2943 1741 3006 promovet
1779 2935 1939 2987 lectio
1983 2933 2196 2986 lectoris
2240 2933 2297 2984 in

298 3028 477 3079 studio
505 3046 665 3095 quam
691 3026 919 3078 lectricis
946 3026 1002 3075 in
1028 3026 1186 3077 lecto.
1264 3024 1445 3093 Hujus
1489 3023 1545 3074 in
1590 3021 1750 3074 rebus
1786 3021 2004 3090 agendis
2044 3020 2111 3071 ad
2153 3038 2299 3070 sum-

295 3133 439 3165 mam
478 3113 719 3182 gloriam,
757 3111 899 3162 illius
939 3109 1242 3162 adinventis
1283 3127 1348 3160 ex
1389 3107 1592 3159 artibus
1638 3106 1706 3157 ad
1742 3104 2196 3157 illuminationem
2242 3104 2294 3155 in

348 3286 371 3308 ³*
401 3285 499 3323 This
520 3297 636 3322 name
656 3284 690 3321 is
709 3287 750 3321 at
771 3295 846 3320 one
876 3282 974 3320 time
1002 3281 1108 3331 spelt
1136 3280 1266 3319 Mari-
1323 3280 1393 3319 the
1414 3279 1608 3318 variation
1628 3278 1663 3317 is
1683 3278 1796 3317 twice
1818 3278 1938 3317 noted
1958 3277 2000 3315 in
2022 3277 2091 3315 the
2109 3276 2279 3326 margin.

293 3368 399 3395 anna
420 3355 461 3392 in
486 3355 551 3393 the
572 3358 671 3399 text,
693 3353 767 3391 but
788 3353 830 3390 in
849 3351 984 3390 others
1011 3349 1265 3397 Meridiana3
