2638 3860
339 337 567 390 Cap.xiii.]
908 337 986 370 DE
1016 335 1201 371 NUG1s
1231 336 1605 372 omuAmUM.
2191 321 2294 383 179

283 463 501 516 nanitus
544 469 645 527 est,
666 468 720 514 et
746 468 969 531 stupore
996 462 1210 528 defecit,
1236 463 1496 532 hiatuque
1524 462 1809 515 dehiscens
1847 462 2061 515 infinito
2086 481 2296 533 perme-

278 548 437 600 abilis
489 549 566 602 eis
617 565 790 616 usque
834 547 888 598 in
941 547 1122 618 abyssi
1178 547 1476 600 novissima
1536 547 1676 599 facta
1726 554 1828 612 est,
1881 547 2026 599 unde
2084 565 2296 618 semper

277 635 566 688 absorbere
632 634 831 686 sufficit
892 634 1146 704 quicquid
1193 634 1477 687 infundere
1522 642 1706 703 potest
1750 634 1912 686 maris
1964 634 2292 700 immanitaS,

284 721 562 792 Charybdi
603 721 703 773 sub
752 721 1011 773 Messana
1035 721 1342 791 persimilis,
1421 720 1692 790 Quicquid
1718 720 1908 773 incidit
1948 739 2075 773 casu
2112 722 2198 775 vel
2225 721 2291 774 ab

279 808 438 860 avido
465 808 603 860 rictu
620 806 924 871 attrahitur,
949 806 1412 859 irremediabiliter
1436 806 1800 875 periclitatur3
1844 814 1916 873 et,
1943 807 2067 877 quia
2090 825 2291 860 nomen

278 902 393 946 erat
417 894 610 964 virgini
637 893 854 958 Satalia,
873 912 1074 963 vorago
1102 893 1304 945 Satiliae
1331 892 1697 958 nominatur,>¹<
1729 900 1784 946 et
1823 893 2056 946 evitatur
2083 893 2151 945 ab
2177 912 2292 946 om-

277 980 459 1046 nibm,
486 980 631 1050 quod
657 980 820 1049 vulgo
842 979 1041 1032 dicitur
1065 978 1303 1044 Gouvfre
1329 981 1391 1031 de
1420 980 1638 1031 Satalie.

688 1243 771 1293 De
796 1241 1023 1293 Nicolao
1052 1242 1187 1308 Pipe
1213 1241 1421 1293 homine
1443 1257 1693 1309 aequoreo,
1769 1241 1880 1292 xiii.

349 1411 518 1464 Multi
554 1411 748 1464 vivunt
785 1410 876 1480 qui
914 1408 1072 1462 nobis
1111 1428 1369 1479 magnum
1424 1417 1479 1462 et
1529 1409 1678 1461 omni
1727 1408 2080 1462 admiratione
2117 1412 2290 1480 majus

271 1506 522 1551 enarrant
558 1515 614 1549 se
639 1497 838 1550 vidisse
875 1496 1013 1549 circa
1043 1504 1273 1565 pontum
1314 1496 1448 1548 illud
1490 1495 1795 1565 prodigium
1824 1496 2111 1549 Nicolaum
2140 1497 2290 1566 Pipe,

274 1585 550 1637 hominem
602 1601 932 1653 aequoreum,
992 1583 1084 1651 qui
1137 1583 1251 1635 sine
1305 1583 1572 1652 spiraculo
1610 1583 1719 1634 vdiu
1766 1601 1864 1652 per
1912 1601 2156 1635 mensem
2205 1583 2293 1635 vel

273 1690 478 1722 annum
503 1670 699 1723 vicinia
724 1669 880 1739 ponti
905 1688 1031 1721 cum
1061 1669 1302 1738 piscibus
1338 1668 1713 1738 frequentabat
1745 1669 2033 1734 indemniS,
2073 1677 2129 1722 et
2153 1676 2291 1722 tem-

271 1765 483 1827 pestate
519 1757 771 1826 depressa
809 1755 1039 1808 navibus
1074 1755 1130 1807 in
1161 1764 1325 1826 portu
1368 1756 1574 1808 exitum
1618 1755 1839 1808 vetabat
1876 1755 2157 1825 praesagi0‚
2202 1755 2290 1808 vel

271 1843 499 1914 egressis
543 1842 778 1895 reditum
820 1841 1146 1904 indicebat.†
1221 1841 1397 1895 Verus
1434 1843 1620 1907 homo,
1657 1842 1794 1894 nihil
1829 1842 2188 1894 inhumanum
2226 1841 2283 1894 in

269 1929 546 1994 membriS‚
584 1929 720 1981 nihil
743 1929 799 1979 in
826 1928 1004 1997 aliquo
1032 1928 1267 1998 quinque
1304 1946 1562 1980 sensuum
1598 1927 1840 1980 defectus
1875 1927 2102 1992 habens,
2140 1936 2289 1979 trans

269 2017 548 2069 hominem
592 2022 836 2085 acceptat
878 2014 1238 2084 aptitudinem
1287 2014 1536 2084 piscium.
1614 2013 1756 2066 Cum
1807 2020 1989 2066 autem
2039 2014 2096 2065 in
2140 2031 2286 2066 mare

274 2100 635 2154 descendebat
674 2117 881 2151 moram
919 2099 996 2150 ibi
1031 2101 1288 2164 facturus,
1327 2100 1626 2168 fragmenta
1662 2099 1860 2152 veteris
1900 2099 2025 2152 ferri
2065 2099 2131 2152 de
2168 2099 2291 2169 biga

270 2188 357 2240 vel
377 2186 606 2257 pedibus
634 2203 898 2255 equorum
923 2185 1009 2237 vel
1036 2185 1330 2255 antiquatae
1358 2184 1704 2254 supellectilis
1732 2185 1906 2237 avulsi
1934 2203 2116 2237 secum
2143 2185 2288 2237 defe-

271 2273 442 2337 rebat,
477 2272 631 2341 cujus
666 2271 912 2323 nondum
948 2270 1212 2323 rationem
1249 2270 1445 2323 audivi.
1525 2271 1650 2322 Hoc
1683 2288 1794 2322 uno
1828 2278 1941 2323 erat
1966 2270 2286 2322 imminutus

271 2359 338 2411 ab
373 2357 686 2411 hominibus
727 2365 782 2409 et
816 2355 1057 2426 piscibus
1093 2355 1299 2420 unituS,
1335 2354 1481 2425 quod
1507 2354 1623 2406 sine
1652 2353 1812 2405 maris
1839 2354 2004 2407 odore
2031 2356 2116 2407 vel
2150 2374 2287 2425 aqua

271 2447 452 2498 vivere
492 2463 604 2497 non
648 2443 858 2513 potuit3
909 2460 1032 2494 cum
1077 2441 1445 2493 abducebatur
1487 2439 1702 2509 longius
1743 2447 2001 2510 tanquam
2045 2441 2286 2494 anhelitu

273 2531 555 2584 deficiente
624 2526 949 2581 recurrebat.
1042 2526 1266 2596 Cupivit
1315 2544 1438 2578 eum
1489 2544 1585 2578 rex
1645 2526 1856 2578 Siculus
1913 2526 2281 2592 Willielmus‡

268 2616 468 2670 auditis
511 2615 596 2668 his
640 2614 841 2678 videre,
878 2612 1152 2682 jussitque
1196 2612 1375 2681 ipsum
1424 2611 1527 2664 sibi
1570 2612 1901 2681 praesentari,
1947 2631 2108 2682 quem
2152 2613 2283 2665 dum

267 2704 501 2756 invitum
522 2701 796 2753 traherent
821 2699 963 2751 inter
989 2717 1182 2750 manus
1210 2715 1398 2750 eorum
1424 2697 1668 2749 absentia
1692 2697 1854 2749 maris
1880 2698 2153 2750 extinctus
2180 2706 2280 2752 est.

271 2790 427 2841 Licet
459 2807 572 2840 non
604 2786 786 2838 minus
821 2785 1137 2838 admiranda
1160 2784 1380 2854 legerim
1405 2784 1493 2836 vel
1530 2783 1807 2849 audierim,
1846 2784 1981 2836 nihil
2006 2785 2131 2836 huic
2155 2802 2281 2854 por-

267 2883 421 2929 tento
464 2873 636 2926 simile
672 2873 802 2926 scio,
877 2871 1052 2942 Supra
1070 2871 1486 2924 Cenomannum
1510 2870 1566 2922 in
1602 2871 1742 2923 Aere
1768 2870 2067 2941 comparuit
2092 2871 2278 2924 multis

321 3031 347 3058 *
376 3032 464 3070 The
491 3031 571 3082 bay
601 3030 648 3070 of
680 3030 831 3069 Satalia
872 3042 951 3068 was
990 3029 1245 3080 notoriously
1300 3030 1506 3079 examples
1538 3028 1580 3066 in
1610 3028 1665 3067 all
1698 3039 1807 3078 ages,
1829 3027 1908 3066 and
1927 3028 2076 3067 almost
2094 3028 2138 3067 in
2157 3041 2278 3081 every

267 3102 493 3151 dangerous
530 3103 573 3138 to
609 3098 856 3148 navigators,
886 3098 967 3136 and
993 3097 1139 3148 people
1178 3109 1244 3136 ac·
1301 3099 1488 3146 country.

268 3169 447 3209 counted
464 3168 529 3207 for
543 3168 576 3206 it
592 3167 648 3218 by
666 3166 832 3217 legends
845 3166 928 3205 like
946 3166 1041 3205 this.
1355 3165 1379 3212 ‡
1408 3164 1590 3202 William
1611 3163 1672 3202 II.
1695 3163 1808 3214 King
1828 3162 1875 3202 of
1892 3162 2017 3214 Sicily
2035 3163 2142 3203 from
2171 3164 2276 3205 1166

321 3240 347 3290 †
377 3237 416 3276 A
461 3235 659 3275 mel-maid
692 3239 820 3286 story,
869 3234 914 3274 of
955 3234 1092 3273 which
1138 3234 1172 3272 it
1210 3233 1244 3271 is
1303 3233 1423 3279 1180,
1460 3231 1497 3270 is
1534 3230 1731 3283 probably
1759 3231 1830 3270 the
1861 3231 2057 3272 monarch
2082 3232 2179 3272 here
2208 3245 2274 3272 re·

267 3306 413 3358 hardly
433 3316 644 3355 necessary
673 3306 716 3342 to
749 3302 917 3342 observe
947 3302 1036 3341 that
1069 3313 1127 3340 we
1159 3300 1245 3339 find
1300 3298 1434 3338 ferred
1452 3303 1508 3338 to.
