<?xml version="1.0" encoding="UTF-8"?>
<!DOCTYPE html PUBLIC "-//W3C//DTD XHTML 1.0 Transitional//EN"
    "http://www.w3.org/TR/xhtml1/DTD/xhtml1-transitional.dtd">
<html xmlns="http://www.w3.org/1999/xhtml" xml:lang="en" lang="en">
 <head>
  <title>
</title>
<meta http-equiv="Content-Type" content="text/html;charset=utf-8" />
  <meta name='ocr-system' content='tesseract 3.04.00' />
  <meta name='ocr-capabilities' content='ocr_page ocr_carea ocr_par ocr_line ocrx_word'/>
</head>
<body>
  <div class='ocr_page' id='page_1' title='image "./gualterimapes00camduoft/gualterimapes00camduoft_0146.png"; bbox 0 0 2638 3860; ppageno 0'>
   <div class='ocr_carea' id='block_1_1' title="bbox 386 383 2336 436">
    <p class='ocr_par' dir='ltr' id='par_1_1' title="bbox 386 383 2336 436">
     <span class='ocr_line' id='line_1_1' title="bbox 386 383 2336 436; baseline -0.005 -3"><span class='ocrx_word' id='word_1_1' title='bbox 386 387 484 433; x_wconf 83' lang='lat'>126</span> <span class='ocrx_word' id='word_1_2' title='bbox 1092 386 1402 423; x_wconf 71' lang='lat' dir='ltr'>GUAL&#39;rEm</span> <span class='ocrx_word' id='word_1_3' title='bbox 1443 384 1642 419; x_wconf 81' lang='lat' dir='ltr'>MAPEs</span> <span class='ocrx_word' id='word_1_4' title='bbox 2027 386 2224 436; x_wconf 84' lang='lat' dir='ltr'>[Distinc.</span> <span class='ocrx_word' id='word_1_5' title='bbox 2251 383 2336 425; x_wconf 89' lang='lat'>111.</span> 
     </span>
    </p>
   </div>
   <div class='ocr_carea' id='block_1_2' title="bbox 367 522 2368 3415">
    <p class='ocr_par' dir='ltr' id='par_1_2' title="bbox 367 522 2367 2559">
     <span class='ocr_line' id='line_1_2' title="bbox 383 522 2362 605; baseline -0.006 -15"><span class='ocrx_word' id='word_1_6' title='bbox 383 556 505 590; x_wconf 83' lang='lat' dir='ltr'>curn</span> <span class='ocrx_word' id='word_1_7' title='bbox 529 542 681 605; x_wconf 88' lang='lat' dir='ltr'>parat</span> <span class='ocrx_word' id='word_1_8' title='bbox 705 530 872 584; x_wconf 89' lang='lat' dir='ltr'>amico</span> <span class='ocrx_word' id='word_1_9' title='bbox 912 546 1009 580; x_wconf 93' lang='lat' dir='ltr'>suo</span> <span class='ocrx_word' id='word_1_10' title='bbox 1047 543 1333 588; x_wconf 83' lang='lat' dir='ltr'>venenum,</span> <span class='ocrx_word' id='word_1_11' title='bbox 1359 531 1414 576; x_wconf 89' lang='lat' dir='ltr'>et</span> <span class='ocrx_word' id='word_1_12' title='bbox 1438 522 1658 575; x_wconf 79' lang='lat' dir='ltr'>lintheis</span> <span class='ocrx_word' id='word_1_13' title='bbox 1685 522 1898 574; x_wconf 89' lang='lat' dir='ltr'>clausus</span> <span class='ocrx_word' id='word_1_14' title='bbox 1923 523 2107 577; x_wconf 86' lang='lat' dir='ltr'>interit</span> <span class='ocrx_word' id='word_1_15' title='bbox 2130 525 2362 579; x_wconf 75' lang='lat' dir='ltr'>infectis,</span> 
     </span>
     <span class='ocr_line' id='line_1_3' title="bbox 380 608 2362 682; baseline -0.007 -7"><span class='ocrx_word' id='word_1_16' title='bbox 380 623 615 674; x_wconf 88' lang='lat' dir='ltr'>Mortem</span> <span class='ocrx_word' id='word_1_17' title='bbox 665 615 827 668; x_wconf 92' lang='lat' dir='ltr'>Lausi</span> <span class='ocrx_word' id='word_1_18' title='bbox 864 615 1156 682; x_wconf 89' lang='lat' dir='ltr'>loquuntur</span> <span class='ocrx_word' id='word_1_19' title='bbox 1194 627 1401 674; x_wconf 80' lang='lat' dir='ltr'>omneS,</span> <span class='ocrx_word' id='word_1_20' title='bbox 1448 608 1543 661; x_wconf 92' lang='lat' dir='ltr'>sed</span> <span class='ocrx_word' id='word_1_21' title='bbox 1581 608 1805 659; x_wconf 92' lang='lat' dir='ltr'>modum</span> <span class='ocrx_word' id='word_1_22' title='bbox 1859 608 2126 675; x_wconf 90' lang='lat' dir='ltr'>nesciunt,</span> <span class='ocrx_word' id='word_1_23' title='bbox 2162 630 2262 664; x_wconf 90' lang='lat' dir='ltr'>nec</span> <span class='ocrx_word' id='word_1_24' title='bbox 2305 611 2362 663; x_wconf 89' lang='lat' dir='ltr'>in</span> 
     </span>
     <span class='ocr_line' id='line_1_4' title="bbox 377 693 2363 771; baseline -0.005 -14"><span class='ocrx_word' id='word_1_25' title='bbox 377 724 493 758; x_wconf 90' lang='lat' dir='ltr'>eam</span> <span class='ocrx_word' id='word_1_26' title='bbox 519 701 778 771; x_wconf 84' lang='lat' dir='ltr'><strong>quispiam</strong></span> <span class='ocrx_word' id='word_1_27' title='bbox 798 698 922 767; x_wconf 92' lang='lat' dir='ltr'>quid</span> <span class='ocrx_word' id='word_1_28' title='bbox 944 698 1193 766; x_wconf 92' lang='lat' dir='ltr'>loquatur</span> <span class='ocrx_word' id='word_1_29' title='bbox 1218 695 1489 765; x_wconf 86' lang='lat' dir='ltr'>agnoscit3</span> <span class='ocrx_word' id='word_1_30' title='bbox 1528 700 1583 745; x_wconf 90' lang='lat' dir='ltr'>et</span> <span class='ocrx_word' id='word_1_31' title='bbox 1604 712 1728 745; x_wconf 93' lang='lat' dir='ltr'>cum</span> <span class='ocrx_word' id='word_1_32' title='bbox 1747 693 1894 744; x_wconf 88' lang='lat' dir='ltr'>nulla</span> <span class='ocrx_word' id='word_1_33' title='bbox 1913 693 1984 745; x_wconf 87' lang='lat' dir='ltr'>sit</span> <span class='ocrx_word' id='word_1_34' title='bbox 2005 694 2070 746; x_wconf 90' lang='lat' dir='ltr'>de</span> <span class='ocrx_word' id='word_1_35' title='bbox 2088 695 2363 764; x_wconf 81' lang='lat' dir='ltr'>proditore</span> 
     </span>
     <span class='ocr_line' id='line_1_5' title="bbox 378 779 2363 856; baseline -0.003 -17"><span class='ocrx_word' id='word_1_36' title='bbox 378 787 624 856; x_wconf 86' lang='lat' dir='ltr'>suspicio,</span> <span class='ocrx_word' id='word_1_37' title='bbox 650 784 794 835; x_wconf 89' lang='lat' dir='ltr'>nulla</span> <span class='ocrx_word' id='word_1_38' title='bbox 821 782 891 833; x_wconf 92' lang='lat' dir='ltr'>sit</span> <span class='ocrx_word' id='word_1_39' title='bbox 915 781 971 833; x_wconf 92' lang='lat' dir='ltr'>in</span> <span class='ocrx_word' id='word_1_40' title='bbox 996 782 1175 851; x_wconf 91' lang='lat' dir='ltr'>ipsum</span> <span class='ocrx_word' id='word_1_41' title='bbox 1195 779 1515 850; x_wconf 80' lang='lat' dir='ltr'>proditionis</span> <span class='ocrx_word' id='word_1_42' title='bbox 1535 779 1758 831; x_wconf 76' lang='lat' dir='ltr'>mentio·</span> <span class='ocrx_word' id='word_1_43' title='bbox 1822 779 1979 831; x_wconf 90' lang='lat' dir='ltr'>Mors</span> <span class='ocrx_word' id='word_1_44' title='bbox 2000 797 2124 831; x_wconf 93' lang='lat' dir='ltr'>cum</span> <span class='ocrx_word' id='word_1_45' title='bbox 2143 780 2363 833; x_wconf 84' lang='lat' dir='ltr'>homine</span> 
     </span>
     <span class='ocr_line' id='line_1_6' title="bbox 376 865 2364 938; baseline -0.004 -13"><span class='ocrx_word' id='word_1_46' title='bbox 376 871 618 935; x_wconf 84' lang='lat' dir='ltr'>decessit,</span> <span class='ocrx_word' id='word_1_47' title='bbox 645 869 797 938; x_wconf 88' lang='lat' dir='ltr'>cujus</span> <span class='ocrx_word' id='word_1_48' title='bbox 818 886 1031 920; x_wconf 91' lang='lat' dir='ltr'>causam</span> <span class='ocrx_word' id='word_1_49' title='bbox 1056 868 1236 918; x_wconf 87' lang='lat' dir='ltr'>nullus</span> <span class='ocrx_word' id='word_1_50' title='bbox 1262 866 1486 919; x_wconf 87' lang='lat' dir='ltr'>invenit.</span> <span class='ocrx_word' id='word_1_51' title='bbox 1564 866 1880 919; x_wconf 72' lang='lat' dir='ltr'>Queruntur</span> <span class='ocrx_word' id='word_1_52' title='bbox 1909 872 1964 917; x_wconf 95' lang='lat' dir='ltr'>et</span> <span class='ocrx_word' id='word_1_53' title='bbox 1987 865 2122 917; x_wconf 91' lang='lat' dir='ltr'>flent</span> <span class='ocrx_word' id='word_1_54' title='bbox 2155 883 2364 931; x_wconf 83' lang='lat' dir='ltr'>omneS,</span> 
     </span>
     <span class='ocr_line' id='line_1_7' title="bbox 375 950 2363 1020; baseline -0.003 -12"><span class='ocrx_word' id='word_1_55' title='bbox 375 958 467 1009; x_wconf 92' lang='lat' dir='ltr'>sed</span> <span class='ocrx_word' id='word_1_56' title='bbox 487 973 672 1007; x_wconf 91' lang='lat' dir='ltr'>omnes</span> <span class='ocrx_word' id='word_1_57' title='bbox 692 954 959 1006; x_wconf 90' lang='lat' dir='ltr'>excedunt</span> <span class='ocrx_word' id='word_1_58' title='bbox 977 953 1219 1005; x_wconf 85' lang='lat' dir='ltr'>lacrimas</span> <span class='ocrx_word' id='word_1_59' title='bbox 1238 953 1472 1004; x_wconf 90' lang='lat' dir='ltr'>lamenta</span> <span class='ocrx_word' id='word_1_60' title='bbox 1487 950 1775 1020; x_wconf 88' lang='lat' dir='ltr'>proditoris</span> <span class='ocrx_word' id='word_1_61' title='bbox 1787 971 1802 1014; x_wconf 86' lang='lat'>3</span> <span class='ocrx_word' id='word_1_62' title='bbox 1842 950 2014 1002; x_wconf 91' lang='lat' dir='ltr'>crines</span> <span class='ocrx_word' id='word_1_63' title='bbox 2035 951 2216 1003; x_wconf 80' lang='lat' dir='ltr'>avellit</span> <span class='ocrx_word' id='word_1_64' title='bbox 2235 958 2290 1003; x_wconf 93' lang='lat' dir='ltr'>et</span> <span class='ocrx_word' id='word_1_65' title='bbox 2306 969 2363 1003; x_wconf 90' lang='lat' dir='ltr'>se</span> 
     </span>
     <span class='ocr_line' id='line_1_8' title="bbox 372 1035 2364 1111; baseline -0.002 -19"><span class='ocrx_word' id='word_1_66' title='bbox 372 1041 564 1111; x_wconf 85' lang='lat' dir='ltr'>pugnis</span> <span class='ocrx_word' id='word_1_67' title='bbox 581 1040 739 1093; x_wconf 89' lang='lat' dir='ltr'>caedit</span> <span class='ocrx_word' id='word_1_68' title='bbox 756 1040 1039 1104; x_wconf 83' lang='lat' dir='ltr'>homicida,</span> <span class='ocrx_word' id='word_1_69' title='bbox 1051 1039 1310 1091; x_wconf 87' lang='lat' dir='ltr'>saevitiam</span> <span class='ocrx_word' id='word_1_70' title='bbox 1330 1038 1529 1107; x_wconf 90' lang='lat' dir='ltr'>pietate</span> <span class='ocrx_word' id='word_1_71' title='bbox 1548 1037 1748 1107; x_wconf 85' lang='lat' dir='ltr'>palliat,</span> <span class='ocrx_word' id='word_1_72' title='bbox 1763 1035 1863 1088; x_wconf 94' lang='lat' dir='ltr'>sub</span> <span class='ocrx_word' id='word_1_73' title='bbox 1882 1036 2078 1088; x_wconf 89' lang='lat' dir='ltr'>amoris</span> <span class='ocrx_word' id='word_1_74' title='bbox 2097 1044 2364 1105; x_wconf 87' lang='lat' dir='ltr'>praetextu</span> 
     </span>
     <span class='ocr_line' id='line_1_9' title="bbox 373 1122 2363 1193; baseline -0.003 -15"><span class='ocrx_word' id='word_1_75' title='bbox 373 1128 650 1178; x_wconf 87' lang='lat' dir='ltr'>veritatem</span> <span class='ocrx_word' id='word_1_76' title='bbox 692 1125 884 1177; x_wconf 85' lang='lat' dir='ltr'>avertit</span> <span class='ocrx_word' id='word_1_77' title='bbox 926 1125 1053 1189; x_wconf 88' lang='lat' dir='ltr'>odii,</span> <span class='ocrx_word' id='word_1_78' title='bbox 1080 1142 1241 1193; x_wconf 89' lang='lat' dir='ltr'>supra</span> <span class='ocrx_word' id='word_1_79' title='bbox 1267 1124 1489 1175; x_wconf 88' lang='lat' dir='ltr'>cadaver</span> <span class='ocrx_word' id='word_1_80' title='bbox 1527 1141 1583 1174; x_wconf 83' lang='lat' dir='ltr'>se</span> <span class='ocrx_word' id='word_1_81' title='bbox 1620 1122 1835 1191; x_wconf 87' lang='lat' dir='ltr'>projicit</span> <span class='ocrx_word' id='word_1_82' title='bbox 1872 1122 1930 1173; x_wconf 91' lang='lat' dir='ltr'>in</span> <span class='ocrx_word' id='word_1_83' title='bbox 1970 1123 2260 1187; x_wconf 89' lang='lat' dir='ltr'>tumulum,</span> <span class='ocrx_word' id='word_1_84' title='bbox 2279 1122 2363 1174; x_wconf 91' lang='lat' dir='ltr'>in-</span> 
     </span>
     <span class='ocr_line' id='line_1_10' title="bbox 371 1207 2365 1276; baseline -0.003 -12"><span class='ocrx_word' id='word_1_85' title='bbox 371 1212 520 1265; x_wconf 91' lang='lat' dir='ltr'>viciis</span> <span class='ocrx_word' id='word_1_86' title='bbox 559 1219 614 1263; x_wconf 92' lang='lat' dir='ltr'>et</span> <span class='ocrx_word' id='word_1_87' title='bbox 650 1210 810 1261; x_wconf 86' lang='lat' dir='ltr'>minis</span> <span class='ocrx_word' id='word_1_88' title='bbox 855 1217 1040 1262; x_wconf 91' lang='lat' dir='ltr'>contra</span> <span class='ocrx_word' id='word_1_89' title='bbox 1080 1210 1191 1262; x_wconf 91' lang='lat' dir='ltr'>vim</span> <span class='ocrx_word' id='word_1_90' title='bbox 1233 1209 1533 1261; x_wconf 90' lang='lat' dir='ltr'>vetantium</span> <span class='ocrx_word' id='word_1_91' title='bbox 1575 1207 1786 1276; x_wconf 90' lang='lat' dir='ltr'>sepeliri</span> <span class='ocrx_word' id='word_1_92' title='bbox 1823 1214 2115 1276; x_wconf 89' lang='lat' dir='ltr'>protervat.</span> <span class='ocrx_word' id='word_1_93' title='bbox 2192 1207 2365 1260; x_wconf 87' lang='lat' dir='ltr'>Morti</span> 
     </span>
     <span class='ocr_line' id='line_1_11' title="bbox 376 1293 2361 1363; baseline -0.002 -15"><span class='ocrx_word' id='word_1_94' title='bbox 376 1297 559 1348; x_wconf 89' lang='lat' dir='ltr'>Parius</span> <span class='ocrx_word' id='word_1_95' title='bbox 586 1313 697 1347; x_wconf 92' lang='lat' dir='ltr'>non</span> <span class='ocrx_word' id='word_1_96' title='bbox 722 1295 931 1347; x_wconf 91' lang='grc'><strong>1101111111</strong></span> <span class='ocrx_word' id='word_1_97' title='bbox 955 1294 1176 1363; x_wconf 89' lang='lat' dir='ltr'>parabat</span> <span class='ocrx_word' id='word_1_98' title='bbox 1200 1293 1469 1363; x_wconf 79' lang='lat' dir='ltr'>exequiaS,</span> <span class='ocrx_word' id='word_1_99' title='bbox 1496 1301 1550 1346; x_wconf 92' lang='lat' dir='ltr'>et</span> <span class='ocrx_word' id='word_1_100' title='bbox 1576 1312 1693 1344; x_wconf 89' lang='lat' dir='ltr'>eam</span> <span class='ocrx_word' id='word_1_101' title='bbox 1720 1301 1872 1345; x_wconf 91' lang='lat' dir='ltr'>caute</span> <span class='ocrx_word' id='word_1_102' title='bbox 1899 1311 2079 1345; x_wconf 89' lang='lat' dir='ltr'>coram</span> <span class='ocrx_word' id='word_1_103' title='bbox 2108 1293 2361 1345; x_wconf 90' lang='lat' dir='ltr'>omnibus</span> 
     </span>
     <span class='ocr_line' id='line_1_12' title="bbox 371 1377 2363 1448; baseline -0.001 -15"><span class='ocrx_word' id='word_1_104' title='bbox 371 1381 657 1445; x_wconf 83' lang='lat' dir='ltr'>intumbat,</span> <span class='ocrx_word' id='word_1_105' title='bbox 684 1388 901 1447; x_wconf 88' lang='lat' dir='ltr'>accepta</span> <span class='ocrx_word' id='word_1_106' title='bbox 936 1380 1027 1432; x_wconf 90' lang='lat' dir='ltr'>vix</span> <span class='ocrx_word' id='word_1_107' title='bbox 1057 1380 1275 1431; x_wconf 91' lang='lat' dir='ltr'>tandem</span> <span class='ocrx_word' id='word_1_108' title='bbox 1314 1378 1680 1431; x_wconf 90' lang='lat' dir='ltr'>consolatione</span> <span class='ocrx_word' id='word_1_109' title='bbox 1723 1377 1853 1429; x_wconf 83' lang='lat' dir='ltr'>foris</span> <span class='ocrx_word' id='word_1_110' title='bbox 1891 1397 1995 1447; x_wconf 89' lang='lat' dir='ltr'>qua</span> <span class='ocrx_word' id='word_1_111' title='bbox 2034 1396 2146 1431; x_wconf 91' lang='lat' dir='ltr'>non</span> <span class='ocrx_word' id='word_1_112' title='bbox 2172 1379 2363 1448; x_wconf 82' lang='lat' dir='ltr'>egebat</span> 
     </span>
     <span class='ocr_line' id='line_1_13' title="bbox 371 1462 2363 1533; baseline -0.002 -15"><span class='ocrx_word' id='word_1_113' title='bbox 371 1465 836 1530; x_wconf 82' lang='lat' dir='ltr'>interiuS,sublimi</span> <span class='ocrx_word' id='word_1_114' title='bbox 853 1465 998 1517; x_wconf 91' lang='lat' dir='ltr'>solus</span> <span class='ocrx_word' id='word_1_115' title='bbox 1016 1465 1119 1516; x_wconf 89' lang='lat' dir='ltr'>alta</span> <span class='ocrx_word' id='word_1_116' title='bbox 1137 1465 1337 1517; x_wconf 88' lang='lat' dir='ltr'>cervice</span> <span class='ocrx_word' id='word_1_117' title='bbox 1356 1463 1614 1533; x_wconf 87' lang='lat' dir='ltr'>superbit,</span> <span class='ocrx_word' id='word_1_118' title='bbox 1628 1462 1762 1515; x_wconf 90' lang='lat' dir='ltr'>solio</span> <span class='ocrx_word' id='word_1_119' title='bbox 1781 1462 1895 1514; x_wconf 88' lang='lat' dir='ltr'>sine</span> <span class='ocrx_word' id='word_1_120' title='bbox 1919 1472 2168 1515; x_wconf 88' lang='lat' dir='ltr'>consorte</span> <span class='ocrx_word' id='word_1_121' title='bbox 2183 1464 2363 1516; x_wconf 88' lang='lat' dir='ltr'>locum</span> 
     </span>
     <span class='ocr_line' id='line_1_14' title="bbox 370 1547 2361 1602; baseline -0.001 -1"><span class='ocrx_word' id='word_1_122' title='bbox 370 1568 585 1602; x_wconf 90' lang='lat' dir='ltr'>omnem</span> <span class='ocrx_word' id='word_1_123' title='bbox 611 1550 877 1602; x_wconf 80' lang='lat' dir='ltr'>obtinens,</span> <span class='ocrx_word' id='word_1_124' title='bbox 954 1549 1148 1601; x_wconf 88' lang='lat' dir='ltr'>Interit</span> <span class='ocrx_word' id='word_1_125' title='bbox 1188 1589 1200 1602; x_wconf 91' lang='lat'><strong>.</strong></span> <span class='ocrx_word' id='word_1_126' title='bbox 1259 1589 1272 1602; x_wconf 89' lang='lat'><strong>.</strong></span> <span class='ocrx_word' id='word_1_127' title='bbox 1328 1588 1342 1602; x_wconf 91' lang='lat'><strong>.</strong></span> <span class='ocrx_word' id='word_1_128' title='bbox 1379 1549 1492 1601; x_wconf 91' lang='lat' dir='ltr'>veri</span> <span class='ocrx_word' id='word_1_129' title='bbox 1519 1547 1718 1600; x_wconf 88' lang='lat' dir='ltr'>doloris</span> <span class='ocrx_word' id='word_1_130' title='bbox 1743 1547 1924 1599; x_wconf 89' lang='lat' dir='ltr'>index.</span> <span class='ocrx_word' id='word_1_131' title='bbox 1998 1548 2165 1599; x_wconf 88' lang='lat' dir='ltr'>Lausi</span> <span class='ocrx_word' id='word_1_132' title='bbox 2189 1549 2361 1600; x_wconf 90' lang='lat' dir='ltr'>filium</span> 
     </span>
     <span class='ocr_line' id='line_1_15' title="bbox 371 1633 2364 1705; baseline -0.001 -18"><span class='ocrx_word' id='word_1_133' title='bbox 371 1636 712 1705; x_wconf 88' lang='lat' dir='ltr'>superstitem</span> <span class='ocrx_word' id='word_1_134' title='bbox 749 1635 956 1688; x_wconf 89' lang='lat' dir='ltr'>inducit</span> <span class='ocrx_word' id='word_1_135' title='bbox 991 1636 1049 1687; x_wconf 92' lang='lat' dir='ltr'>in</span> <span class='ocrx_word' id='word_1_136' title='bbox 1086 1636 1361 1705; x_wconf 89' lang='lat' dir='ltr'>palatium,</span> <span class='ocrx_word' id='word_1_137' title='bbox 1386 1653 1614 1705; x_wconf 90' lang='lat' dir='ltr'>puerum</span> <span class='ocrx_word' id='word_1_138' title='bbox 1640 1633 1858 1703; x_wconf 91' lang='lat' dir='ltr'>quidem</span> <span class='ocrx_word' id='word_1_139' title='bbox 1884 1633 2126 1686; x_wconf 89' lang='lat' dir='ltr'>amabilis</span> <span class='ocrx_word' id='word_1_140' title='bbox 2153 1634 2364 1704; x_wconf 72' lang='lat' dir='ltr'>elegan-</span> 
     </span>
     <span class='ocr_line' id='line_1_16' title="bbox 367 1719 2361 1790; baseline 0.001 -18"><span class='ocrx_word' id='word_1_141' title='bbox 367 1721 472 1785; x_wconf 84' lang='lat' dir='ltr'>tiae,</span> <span class='ocrx_word' id='word_1_142' title='bbox 498 1721 736 1773; x_wconf 91' lang='lat' dir='ltr'>moribus</span> <span class='ocrx_word' id='word_1_143' title='bbox 774 1728 829 1772; x_wconf 93' lang='lat' dir='ltr'>et</span> <span class='ocrx_word' id='word_1_144' title='bbox 864 1722 1035 1772; x_wconf 89' lang='lat' dir='ltr'>forma</span> <span class='ocrx_word' id='word_1_145' title='bbox 1067 1721 1335 1786; x_wconf 86' lang='lat' dir='ltr'>nobilem3</span> <span class='ocrx_word' id='word_1_146' title='bbox 1372 1720 1648 1790; x_wconf 88' lang='lat' dir='ltr'>patricidae</span> <span class='ocrx_word' id='word_1_147' title='bbox 1687 1738 1786 1772; x_wconf 91' lang='lat' dir='ltr'>suo</span> <span class='ocrx_word' id='word_1_148' title='bbox 1824 1719 2053 1772; x_wconf 87' lang='lat' dir='ltr'>traditur</span> <span class='ocrx_word' id='word_1_149' title='bbox 2090 1719 2146 1786; x_wconf 84' lang='lat' dir='ltr'>in</span> <span class='ocrx_word' id='word_1_150' title='bbox 2184 1720 2361 1773; x_wconf 92' lang='lat' dir='ltr'>officio</span> 
     </span>
     <span class='ocr_line' id='line_1_17' title="bbox 368 1805 2363 1876; baseline 0.001 -19"><span class='ocrx_word' id='word_1_151' title='bbox 368 1807 533 1875; x_wconf 90' lang='lat' dir='ltr'>patris</span> <span class='ocrx_word' id='word_1_152' title='bbox 572 1806 911 1870; x_wconf 82' lang='lat' dir='ltr'>erudienduS,</span> <span class='ocrx_word' id='word_1_153' title='bbox 935 1807 1094 1875; x_wconf 92' lang='lat' dir='ltr'>lupus</span> <span class='ocrx_word' id='word_1_154' title='bbox 1129 1825 1327 1876; x_wconf 87' lang='lat' dir='ltr'>agnum</span> <span class='ocrx_word' id='word_1_155' title='bbox 1364 1806 1557 1874; x_wconf 88' lang='lat' dir='ltr'>accipit</span> <span class='ocrx_word' id='word_1_156' title='bbox 1595 1805 1820 1869; x_wconf 82' lang='lat' dir='ltr'>inultuS,</span> <span class='ocrx_word' id='word_1_157' title='bbox 1858 1812 1914 1857; x_wconf 90' lang='lat' dir='ltr'>et</span> <span class='ocrx_word' id='word_1_158' title='bbox 1946 1813 2133 1857; x_wconf 90' lang='lat' dir='ltr'>contra</span> <span class='ocrx_word' id='word_1_159' title='bbox 2166 1806 2363 1858; x_wconf 89' lang='lat' dir='ltr'>mentis</span> 
     </span>
     <span class='ocr_line' id='line_1_18' title="bbox 372 1891 2361 1945; baseline 0.001 -3"><span class='ocrx_word' id='word_1_160' title='bbox 372 1891 646 1943; x_wconf 87' lang='lat' dir='ltr'>arbitrium</span> <span class='ocrx_word' id='word_1_161' title='bbox 673 1892 928 1944; x_wconf 89' lang='lat' dir='ltr'>exultatio</span> <span class='ocrx_word' id='word_1_162' title='bbox 957 1910 1013 1944; x_wconf 93' lang='lat' dir='ltr'>se</span> <span class='ocrx_word' id='word_1_163' title='bbox 1033 1892 1252 1945; x_wconf 84' lang='lat' dir='ltr'>exhibet</span> <span class='ocrx_word' id='word_1_164' title='bbox 1275 1892 1332 1943; x_wconf 93' lang='lat' dir='ltr'>in</span> <span class='ocrx_word' id='word_1_165' title='bbox 1356 1892 1529 1945; x_wconf 88' lang='lat' dir='ltr'>vultu.</span> <span class='ocrx_word' id='word_1_166' title='bbox 1582 1892 1722 1943; x_wconf 91' lang='lat' dir='ltr'>Puer</span> <span class='ocrx_word' id='word_1_167' title='bbox 1746 1891 1873 1943; x_wconf 88' lang='lat' dir='ltr'>felix</span> <span class='ocrx_word' id='word_1_168' title='bbox 1893 1891 2137 1943; x_wconf 91' lang='lat' dir='ltr'>eruditur</span> <span class='ocrx_word' id='word_1_169' title='bbox 2163 1891 2219 1943; x_wconf 90' lang='lat' dir='ltr'>in</span> <span class='ocrx_word' id='word_1_170' title='bbox 2247 1910 2361 1944; x_wconf 78' lang='lat' dir='ltr'>mo-</span> 
     </span>
     <span class='ocr_line' id='line_1_19' title="bbox 373 1976 2363 2047; baseline 0.002 -20"><span class='ocrx_word' id='word_1_171' title='bbox 373 1977 507 2041; x_wconf 92' lang='lat' dir='ltr'>dico,</span> <span class='ocrx_word' id='word_1_172' title='bbox 528 1984 582 2028; x_wconf 92' lang='lat' dir='ltr'>et</span> <span class='ocrx_word' id='word_1_173' title='bbox 605 1976 815 2045; x_wconf 89' lang='lat' dir='ltr'>proficit</span> <span class='ocrx_word' id='word_1_174' title='bbox 838 1976 895 2027; x_wconf 92' lang='lat' dir='ltr'>in</span> <span class='ocrx_word' id='word_1_175' title='bbox 922 1976 1095 2028; x_wconf 90' lang='lat' dir='ltr'>officio</span> <span class='ocrx_word' id='word_1_176' title='bbox 1122 1977 1401 2041; x_wconf 86' lang='lat' dir='ltr'>decenter3</span> <span class='ocrx_word' id='word_1_177' title='bbox 1434 1977 1548 2046; x_wconf 88' lang='lat' dir='ltr'>jam</span> <span class='ocrx_word' id='word_1_178' title='bbox 1573 1976 1629 2028; x_wconf 93' lang='lat' dir='ltr'>in</span> <span class='ocrx_word' id='word_1_179' title='bbox 1656 1984 1951 2047; x_wconf 91' lang='lat' dir='ltr'>conspectu</span> <span class='ocrx_word' id='word_1_180' title='bbox 1989 1977 2123 2028; x_wconf 93' lang='lat' dir='ltr'>Nini</span> <span class='ocrx_word' id='word_1_181' title='bbox 2155 1984 2363 2030; x_wconf 89' lang='lat' dir='ltr'>tantam</span> 
     </span>
     <span class='ocr_line' id='line_1_20' title="bbox 370 2060 2364 2130; baseline 0.002 -20"><span class='ocrx_word' id='word_1_182' title='bbox 370 2060 533 2111; x_wconf 92' lang='lat' dir='ltr'>habet</span> <span class='ocrx_word' id='word_1_183' title='bbox 555 2060 792 2129; x_wconf 87' lang='lat' dir='ltr'>gratiam,</span> <span class='ocrx_word' id='word_1_184' title='bbox 817 2067 880 2111; x_wconf 93' lang='lat' dir='ltr'>ut</span> <span class='ocrx_word' id='word_1_185' title='bbox 905 2068 1015 2111; x_wconf 92' lang='lat' dir='ltr'>tam</span> <span class='ocrx_word' id='word_1_186' title='bbox 1061 2061 1243 2112; x_wconf 88' lang='lat' dir='ltr'>Lauso</span> <span class='ocrx_word' id='word_1_187' title='bbox 1269 2061 1583 2130; x_wconf 81' lang='lat' dir='ltr'>praeferatur</span> <span class='ocrx_word' id='word_1_188' title='bbox 1621 2080 1782 2130; x_wconf 89' lang='lat' dir='ltr'>quam</span> <span class='ocrx_word' id='word_1_189' title='bbox 1810 2061 1983 2114; x_wconf 90' lang='lat' dir='ltr'>Pario.</span> <span class='ocrx_word' id='word_1_190' title='bbox 2050 2061 2088 2114; x_wconf 83' lang='lat' dir='ltr'><strong>J</strong></span> <span class='ocrx_word' id='word_1_191' title='bbox 2091 2081 2174 2114; x_wconf 89' lang='lat' dir='ltr'>am</span> <span class='ocrx_word' id='word_1_192' title='bbox 2203 2080 2364 2115; x_wconf 89' lang='lat' dir='ltr'>omne</span> 
     </span>
     <span class='ocr_line' id='line_1_21' title="bbox 373 2145 2365 2217; baseline 0.002 -20"><span class='ocrx_word' id='word_1_193' title='bbox 373 2146 651 2197; x_wconf 88' lang='lat' dir='ltr'>consilium</span> <span class='ocrx_word' id='word_1_194' title='bbox 686 2145 849 2198; x_wconf 88' lang='lat' dir='ltr'>habet</span> <span class='ocrx_word' id='word_1_195' title='bbox 885 2164 1006 2198; x_wconf 89' lang='lat' dir='ltr'>cum</span> <span class='ocrx_word' id='word_1_196' title='bbox 1032 2164 1199 2215; x_wconf 88' lang='lat' dir='ltr'>puero</span> <span class='ocrx_word' id='word_1_197' title='bbox 1224 2165 1336 2212; x_wconf 87' lang='lat' dir='ltr'>rex,</span> <span class='ocrx_word' id='word_1_198' title='bbox 1367 2146 1502 2198; x_wconf 89' lang='lat' dir='ltr'>nihil</span> <span class='ocrx_word' id='word_1_199' title='bbox 1528 2146 1577 2199; x_wconf 95' lang='lat' dir='ltr'>ei</span> <span class='ocrx_word' id='word_1_200' title='bbox 1602 2166 1726 2199; x_wconf 88' lang='lat' dir='ltr'>cum</span> <span class='ocrx_word' id='word_1_201' title='bbox 1766 2148 1940 2211; x_wconf 89' lang='lat' dir='ltr'>Pario,</span> <span class='ocrx_word' id='word_1_202' title='bbox 1973 2148 2086 2217; x_wconf 85' lang='lat' dir='ltr'>jam</span> <span class='ocrx_word' id='word_1_203' title='bbox 2125 2148 2193 2199; x_wconf 90' lang='lat' dir='ltr'>ad</span> <span class='ocrx_word' id='word_1_204' title='bbox 2229 2148 2365 2200; x_wconf 88' lang='lat' dir='ltr'>nihil</span> 
     </span>
     <span class='ocr_line' id='line_1_22' title="bbox 551 2232 2364 2303; baseline 0.002 -22"><span class='ocrx_word' id='word_1_205' title='bbox 551 2268 562 2280; x_wconf 93' lang='lat'>.</span> <span class='ocrx_word' id='word_1_206' title='bbox 614 2250 870 2283; x_wconf 91' lang='lat' dir='ltr'>manuum</span> <span class='ocrx_word' id='word_1_207' title='bbox 913 2239 968 2284; x_wconf 90' lang='lat' dir='ltr'>et</span> <span class='ocrx_word' id='word_1_208' title='bbox 1009 2233 1210 2301; x_wconf 90' lang='lat' dir='ltr'>pedum</span> <span class='ocrx_word' id='word_1_209' title='bbox 1252 2232 1391 2303; x_wconf 84' lang='lat' dir='ltr'>regis</span> <span class='ocrx_word' id='word_1_210' title='bbox 1434 2233 1687 2302; x_wconf 89' lang='lat' dir='ltr'>frequens</span> <span class='ocrx_word' id='word_1_211' title='bbox 1718 2241 1802 2285; x_wconf 91' lang='lat' dir='ltr'>est</span> <span class='ocrx_word' id='word_1_212' title='bbox 1831 2252 1964 2303; x_wconf 91' lang='lat' dir='ltr'>puer</span> <span class='ocrx_word' id='word_1_213' title='bbox 1989 2242 2044 2286; x_wconf 92' lang='lat' dir='ltr'>et</span> <span class='ocrx_word' id='word_1_214' title='bbox 2070 2251 2364 2286; x_wconf 91' lang='lat' dir='ltr'>concursus</span> 
     </span>
     <span class='ocr_line' id='line_1_23' title="bbox 371 2317 2364 2387; baseline 0.003 -20"><span class='ocrx_word' id='word_1_215' title='bbox 371 2335 644 2386; x_wconf 92' lang='lat' dir='ltr'>nunquam</span> <span class='ocrx_word' id='word_1_216' title='bbox 671 2317 797 2369; x_wconf 90' lang='lat' dir='ltr'>furit</span> <span class='ocrx_word' id='word_1_217' title='bbox 822 2335 944 2387; x_wconf 89' lang='lat' dir='ltr'>ergo</span> <span class='ocrx_word' id='word_1_218' title='bbox 970 2319 1057 2369; x_wconf 87' lang='lat' dir='ltr'>fur</span> <span class='ocrx_word' id='word_1_219' title='bbox 1080 2318 1231 2370; x_wconf 89' lang='lat' dir='ltr'>homi</span> <span class='ocrx_word' id='word_1_220' title='bbox 1273 2359 1284 2369; x_wconf 94' lang='lat'>.</span> <span class='ocrx_word' id='word_1_221' title='bbox 1362 2358 1375 2372; x_wconf 89' lang='lat'><strong>.</strong></span> <span class='ocrx_word' id='word_1_222' title='bbox 1452 2356 1466 2370; x_wconf 88' lang='lat'><strong>.</strong></span> <span class='ocrx_word' id='word_1_223' title='bbox 1511 2336 1595 2370; x_wconf 90' lang='lat' dir='ltr'>ers</span> <span class='ocrx_word' id='word_1_224' title='bbox 1622 2337 1839 2371; x_wconf 91' lang='lat' dir='ltr'>omnem</span> <span class='ocrx_word' id='word_1_225' title='bbox 1866 2319 2063 2372; x_wconf 88' lang='lat' dir='ltr'>excitat</span> <span class='ocrx_word' id='word_1_226' title='bbox 2088 2319 2364 2372; x_wconf 90' lang='lat' dir='ltr'>audaciam</span> 
     </span>
     <span class='ocr_line' id='line_1_24' title="bbox 640 2403 2367 2473; baseline 0.002 -19"><span class='ocrx_word' id='word_1_227' title='bbox 640 2441 652 2454; x_wconf 92' lang='lat'><strong>.</strong></span> <span class='ocrx_word' id='word_1_228' title='bbox 698 2403 1032 2455; x_wconf 90' lang='lat' dir='ltr'>consumitur</span> <span class='ocrx_word' id='word_1_229' title='bbox 1057 2411 1112 2456; x_wconf 90' lang='lat' dir='ltr'>et</span> <span class='ocrx_word' id='word_1_230' title='bbox 1135 2403 1191 2455; x_wconf 92' lang='lat' dir='ltr'>in</span> <span class='ocrx_word' id='word_1_231' title='bbox 1217 2404 1472 2473; x_wconf 89' lang='lat' dir='ltr'>pristinas</span> <span class='ocrx_word' id='word_1_232' title='bbox 1499 2404 1640 2456; x_wconf 90' lang='lat' dir='ltr'>redit</span> <span class='ocrx_word' id='word_1_233' title='bbox 1702 2442 1717 2456; x_wconf 94' lang='lat'><strong>.</strong></span> <span class='ocrx_word' id='word_1_234' title='bbox 1793 2443 1807 2458; x_wconf 90' lang='lat'><em>.</em></span> <span class='ocrx_word' id='word_1_235' title='bbox 1883 2442 1897 2456; x_wconf 90' lang='lat'>.</span> <span class='ocrx_word' id='word_1_236' title='bbox 1973 2445 1986 2457; x_wconf 93' lang='lat'><strong>.</strong></span> <span class='ocrx_word' id='word_1_237' title='bbox 2062 2412 2249 2458; x_wconf 89' lang='lat' dir='ltr'>auctor</span> <span class='ocrx_word' id='word_1_238' title='bbox 2273 2423 2367 2458; x_wconf 88' lang='lat' dir='ltr'>an·-</span> 
     </span>
     <span class='ocr_line' id='line_1_25' title="bbox 370 2486 2089 2559; baseline 0.002 -22"><span class='ocrx_word' id='word_1_239' title='bbox 370 2486 570 2555; x_wconf 88' lang='lat' dir='ltr'>gustias</span> <span class='ocrx_word' id='word_1_240' title='bbox 634 2527 1004 2542; x_wconf 91' lang='grc'><strong>.....</strong></span> <span class='ocrx_word' id='word_1_241' title='bbox 1080 2507 1411 2559; x_wconf 85' lang='lat' dir='ltr'>quaecunque</span> <span class='ocrx_word' id='word_1_242' title='bbox 1436 2491 1654 2542; x_wconf 92' lang='lat' dir='ltr'>fuerunt</span> <span class='ocrx_word' id='word_1_243' title='bbox 1677 2490 1764 2544; x_wconf 93' lang='lat' dir='ltr'>vel</span> <span class='ocrx_word' id='word_1_244' title='bbox 1790 2508 1909 2542; x_wconf 87' lang='lat' dir='ltr'>esse</span> <span class='ocrx_word' id='word_1_245' title='bbox 1987 2530 1999 2542; x_wconf 87' lang='lat'><strong>.</strong></span> <span class='ocrx_word' id='word_1_246' title='bbox 2075 2527 2089 2541; x_wconf 89' lang='lat'><strong>.</strong></span> 
     </span>
    </p>

    <p class='ocr_par' dir='ltr' id='par_1_3' title="bbox 371 2572 2368 3415">
     <span class='ocr_line' id='line_1_26' title="bbox 371 2572 2184 2644; baseline 0.003 -21"><span class='ocrx_word' id='word_1_247' title='bbox 371 2572 641 2642; x_wconf 90' lang='lat' dir='ltr'>triumpho</span> <span class='ocrx_word' id='word_1_248' title='bbox 668 2574 833 2643; x_wconf 88' lang='lat' dir='ltr'>patris</span> <span class='ocrx_word' id='word_1_249' title='bbox 860 2593 1032 2626; x_wconf 91' lang='lat' dir='ltr'>armas</span> <span class='ocrx_word' id='word_1_250' title='bbox 1097 2615 1110 2627; x_wconf 88' lang='lat'>.</span> <span class='ocrx_word' id='word_1_251' title='bbox 1185 2615 1198 2628; x_wconf 89' lang='lat'><strong>.</strong></span> <span class='ocrx_word' id='word_1_252' title='bbox 1274 2615 1286 2627; x_wconf 89' lang='lat'><strong>.</strong></span> <span class='ocrx_word' id='word_1_253' title='bbox 1364 2614 1377 2628; x_wconf 91' lang='lat'><strong>.</strong></span> <span class='ocrx_word' id='word_1_254' title='bbox 1434 2576 1705 2628; x_wconf 87' lang='lat' dir='ltr'>ministrat</span> <span class='ocrx_word' id='word_1_255' title='bbox 1724 2575 1816 2644; x_wconf 91' lang='lat' dir='ltr'>qui</span> <span class='ocrx_word' id='word_1_256' title='bbox 1842 2576 2107 2644; x_wconf 84' lang='lat' dir='ltr'>suggessit</span> <span class='ocrx_word' id='word_1_257' title='bbox 2171 2614 2184 2628; x_wconf 90' lang='lat'><strong>.</strong></span> 
     </span>
     <span class='ocr_line' id='line_1_27' title="bbox 640 2659 2367 2730; baseline 0.002 -20"><span class='ocrx_word' id='word_1_258' title='bbox 640 2697 652 2710; x_wconf 91' lang='lat'>.</span> <span class='ocrx_word' id='word_1_259' title='bbox 729 2659 877 2711; x_wconf 95' lang='lat' dir='ltr'>omni</span> <span class='ocrx_word' id='word_1_260' title='bbox 897 2659 1075 2729; x_wconf 87' lang='lat' dir='ltr'>dirigit</span> <span class='ocrx_word' id='word_1_261' title='bbox 1097 2660 1436 2730; x_wconf 89' lang='lat' dir='ltr'>iniquitatem</span> <span class='ocrx_word' id='word_1_262' title='bbox 1488 2701 1501 2713; x_wconf 91' lang='lat'><strong>.</strong></span> <span class='ocrx_word' id='word_1_263' title='bbox 1578 2700 1591 2713; x_wconf 91' lang='lat'><strong><em>.</em></strong></span> <span class='ocrx_word' id='word_1_264' title='bbox 1669 2701 1681 2713; x_wconf 91' lang='lat'>.</span> <span class='ocrx_word' id='word_1_265' title='bbox 1732 2660 1945 2712; x_wconf 89' lang='lat' dir='ltr'>deficiat</span> <span class='ocrx_word' id='word_1_266' title='bbox 1962 2661 2049 2713; x_wconf 90' lang='lat' dir='ltr'>vel</span> <span class='ocrx_word' id='word_1_267' title='bbox 2068 2660 2367 2714; x_wconf 88' lang='lat' dir='ltr'>errabunda</span> 
     </span>
     <span class='ocr_line' id='line_1_28' title="bbox 466 2744 2365 2816; baseline 0.002 -21"><span class='ocrx_word' id='word_1_268' title='bbox 466 2782 478 2795; x_wconf 90' lang='lat'><strong><em>.</em></strong></span> <span class='ocrx_word' id='word_1_269' title='bbox 552 2744 759 2796; x_wconf 91' lang='lat' dir='ltr'>actibus</span> <span class='ocrx_word' id='word_1_270' title='bbox 787 2745 993 2796; x_wconf 86' lang='lat' dir='ltr'>exhibit</span> <span class='ocrx_word' id='word_1_271' title='bbox 1019 2745 1235 2797; x_wconf 88' lang='lat' dir='ltr'>semitas</span> <span class='ocrx_word' id='word_1_272' title='bbox 1319 2784 1784 2798; x_wconf 91' lang='grc'><strong>......</strong></span> <span class='ocrx_word' id='word_1_273' title='bbox 1861 2745 2145 2797; x_wconf 88' lang='lat' dir='ltr'>confirmat</span> <span class='ocrx_word' id='word_1_274' title='bbox 2169 2745 2365 2816; x_wconf 91' lang='lat' dir='ltr'>impios</span> 
     </span>
     <span class='ocr_line' id='line_1_29' title="bbox 375 2828 2363 2900; baseline 0.003 -21"><span class='ocrx_word' id='word_1_275' title='bbox 375 2828 586 2881; x_wconf 89' lang='lat' dir='ltr'>Parium</span> <span class='ocrx_word' id='word_1_276' title='bbox 612 2848 737 2898; x_wconf 84' lang='lat' dir='ltr'>ergo</span> <span class='ocrx_word' id='word_1_277' title='bbox 813 2868 1367 2882; x_wconf 90' lang='grc'><strong>.......</strong></span> <span class='ocrx_word' id='word_1_278' title='bbox 1440 2831 1662 2883; x_wconf 90' lang='lat' dir='ltr'>instruit</span> <span class='ocrx_word' id='word_1_279' title='bbox 1687 2839 1742 2883; x_wconf 90' lang='lat' dir='ltr'>et</span> <span class='ocrx_word' id='word_1_280' title='bbox 1765 2831 1823 2883; x_wconf 91' lang='lat' dir='ltr'>in</span> <span class='ocrx_word' id='word_1_281' title='bbox 1847 2849 2003 2884; x_wconf 88' lang='lat' dir='ltr'>novae</span> <span class='ocrx_word' id='word_1_282' title='bbox 2031 2831 2363 2900; x_wconf 90' lang='lat' dir='ltr'>duplicitatis</span> 
     </span>
     <span class='ocr_line' id='line_1_30' title="bbox 375 2913 2368 2987; baseline 0.004 -24"><span class='ocrx_word' id='word_1_283' title='bbox 375 2913 576 2966; x_wconf 88' lang='lat' dir='ltr'>facinus</span> <span class='ocrx_word' id='word_1_284' title='bbox 614 2915 838 2980; x_wconf 89' lang='lat' dir='ltr'>inducit,</span> <span class='ocrx_word' id='word_1_285' title='bbox 882 2923 1040 2967; x_wconf 89' lang='lat' dir='ltr'>vocat</span> <span class='ocrx_word' id='word_1_286' title='bbox 1079 2916 1266 2968; x_wconf 90' lang='lat' dir='ltr'>Parius</span> <span class='ocrx_word' id='word_1_287' title='bbox 1306 2934 1465 2986; x_wconf 89' lang='lat' dir='ltr'>quem</span> <span class='ocrx_word' id='word_1_288' title='bbox 1511 2917 1829 2970; x_wconf 85' lang='lat' dir='ltr'>educaverat</span> <span class='ocrx_word' id='word_1_289' title='bbox 1870 2936 2099 2987; x_wconf 89' lang='lat' dir='ltr'>puerum</span> <span class='ocrx_word' id='word_1_290' title='bbox 2144 2936 2175 2969; x_wconf 91' lang='lat' dir='ltr'>a</span> <span class='ocrx_word' id='word_1_291' title='bbox 2207 2918 2368 2970; x_wconf 90' lang='lat' dir='ltr'>laude</span> 
     </span>
     <span class='ocr_line' id='line_1_31' title="bbox 379 3000 2367 3065; baseline 0.004 -18"><span class='ocrx_word' id='word_1_292' title='bbox 379 3000 569 3065; x_wconf 92' lang='lat' dir='ltr'>speciei</span> <span class='ocrx_word' id='word_1_293' title='bbox 596 3001 857 3053; x_wconf 90' lang='lat' dir='ltr'>sermonis</span> <span class='ocrx_word' id='word_1_294' title='bbox 885 3009 940 3053; x_wconf 92' lang='lat' dir='ltr'>et</span> <span class='ocrx_word' id='word_1_295' title='bbox 1016 3041 1027 3053; x_wconf 92' lang='lat'><strong>.</strong></span> <span class='ocrx_word' id='word_1_296' title='bbox 1106 3042 1117 3053; x_wconf 95' lang='lat'>.</span> <span class='ocrx_word' id='word_1_297' title='bbox 1193 3039 1206 3052; x_wconf 90' lang='lat'><strong>.</strong></span> <span class='ocrx_word' id='word_1_298' title='bbox 1283 3040 1298 3055; x_wconf 86' lang='lat'><strong>.</strong></span> <span class='ocrx_word' id='word_1_299' title='bbox 1373 3041 1386 3054; x_wconf 92' lang='lat'><strong>.</strong></span> <span class='ocrx_word' id='word_1_300' title='bbox 1461 3010 1516 3054; x_wconf 94' lang='lat' dir='ltr'>et</span> <span class='ocrx_word' id='word_1_301' title='bbox 1540 3011 1603 3054; x_wconf 92' lang='lat' dir='ltr'>ut</span> <span class='ocrx_word' id='word_1_302' title='bbox 1626 3003 1684 3054; x_wconf 94' lang='lat' dir='ltr'>in</span> <span class='ocrx_word' id='word_1_303' title='bbox 1710 3003 2007 3056; x_wconf 71' lang='lat' dir='ltr'>execrabile</span> <span class='ocrx_word' id='word_1_304' title='bbox 2024 3004 2367 3056; x_wconf 88' lang='lat' dir='ltr'>mendacium</span> 
     </span>
     <span class='ocr_line' id='line_1_32' title="bbox 379 3084 2366 3158; baseline 0.004 -26"><span class='ocrx_word' id='word_1_305' title='bbox 379 3084 607 3137; x_wconf 88' lang='lat' dir='ltr'>adulatio</span> <span class='ocrx_word' id='word_1_306' title='bbox 652 3086 956 3151; x_wconf 91' lang='lat' dir='ltr'>descendat,</span> <span class='ocrx_word' id='word_1_307' title='bbox 993 3088 1168 3140; x_wconf 88' lang='lat' dir='ltr'>solum</span> <span class='ocrx_word' id='word_1_308' title='bbox 1193 3087 1373 3157; x_wconf 91' lang='lat' dir='ltr'>ipsum</span> <span class='ocrx_word' id='word_1_309' title='bbox 1400 3088 1538 3140; x_wconf 92' lang='lat' dir='ltr'>tanti</span> <span class='ocrx_word' id='word_1_310' title='bbox 1563 3089 1701 3157; x_wconf 89' lang='lat' dir='ltr'>regis</span> <span class='ocrx_word' id='word_1_311' title='bbox 1739 3088 2097 3141; x_wconf 88' lang='lat' dir='ltr'>familiaritate</span> <span class='ocrx_word' id='word_1_312' title='bbox 2124 3089 2366 3158; x_wconf 87' lang='lat' dir='ltr'>dignum,</span> 
     </span>
     <span class='ocr_line' id='line_1_33' title="bbox 379 3171 2367 3244; baseline 0.004 -27"><span class='ocrx_word' id='word_1_313' title='bbox 379 3174 489 3217; x_wconf 88' lang='lat' dir='ltr'>tam</span> <span class='ocrx_word' id='word_1_314' title='bbox 538 3171 750 3223; x_wconf 84' lang='lat' dir='ltr'>secretis</span> <span class='ocrx_word' id='word_1_315' title='bbox 800 3180 985 3241; x_wconf 93' lang='lat' dir='ltr'>aptum</span> <span class='ocrx_word' id='word_1_316' title='bbox 1023 3173 1166 3239; x_wconf 92' lang='lat' dir='ltr'>dicit,</span> <span class='ocrx_word' id='word_1_317' title='bbox 1209 3174 1480 3244; x_wconf 90' lang='lat' dir='ltr'>obsequiis</span> <span class='ocrx_word' id='word_1_318' title='bbox 1525 3174 1921 3227; x_wconf 89' lang='lat' dir='ltr'>solicitudinem</span> <span class='ocrx_word' id='word_1_319' title='bbox 1962 3176 2079 3244; x_wconf 88' lang='lat' dir='ltr'>ejus</span> <span class='ocrx_word' id='word_1_320' title='bbox 2138 3174 2367 3226; x_wconf 87' lang='lat' dir='ltr'>laudatis</span> 
     </span>
     <span class='ocr_line' id='line_1_34' title="bbox 383 3252 2368 3331; baseline 0.005 -31"><span class='ocrx_word' id='word_1_321' title='bbox 383 3252 584 3316; x_wconf 86' lang='lat' dir='ltr'>asserit,</span> <span class='ocrx_word' id='word_1_322' title='bbox 602 3254 658 3305; x_wconf 91' lang='lat' dir='ltr'>in</span> <span class='ocrx_word' id='word_1_323' title='bbox 696 3275 804 3309; x_wconf 92' lang='lat' dir='ltr'>uno</span> <span class='ocrx_word' id='word_1_324' title='bbox 832 3259 946 3311; x_wconf 93' lang='lat' dir='ltr'>solo</span> <span class='ocrx_word' id='word_1_325' title='bbox 971 3266 1151 3311; x_wconf 89' lang='lat' dir='ltr'>tamen</span> <span class='ocrx_word' id='word_1_326' title='bbox 1176 3267 1292 3312; x_wconf 89' lang='lat' dir='ltr'>tota</span> <span class='ocrx_word' id='word_1_327' title='bbox 1315 3260 1590 3313; x_wconf 82' lang='lat' dir='ltr'>blanditiae</span> <span class='ocrx_word' id='word_1_328' title='bbox 1628 3261 1853 3331; x_wconf 89' lang='lat' dir='ltr'>castigat</span> <span class='ocrx_word' id='word_1_329' title='bbox 1889 3278 2140 3325; x_wconf 87' lang='lat' dir='ltr'>errorem,</span> <span class='ocrx_word' id='word_1_330' title='bbox 2166 3259 2368 3324; x_wconf 68' lang='lat' dir='ltr'>dicem,</span> 
     </span>
     <span class='ocr_line' id='line_1_35' title="bbox 383 3335 2368 3415; baseline 0.004 -28"><span class='ocrx_word' id='word_1_331' title='bbox 383 3337 417 3363; x_wconf 74' lang='lat'>‘⁶</span> <span class='ocrx_word' id='word_1_332' title='bbox 439 3335 576 3388; x_wconf 87' lang='lat' dir='ltr'>Cum</span> <span class='ocrx_word' id='word_1_333' title='bbox 602 3346 673 3404; x_wconf 88' lang='lat' dir='ltr'>te,</span> <span class='ocrx_word' id='word_1_334' title='bbox 693 3342 995 3396; x_wconf 90' lang='lat' dir='ltr'>dulcissime</span> <span class='ocrx_word' id='word_1_335' title='bbox 1020 3344 1114 3409; x_wconf 92' lang='lat' dir='ltr'>fili,</span> <span class='ocrx_word' id='word_1_336' title='bbox 1141 3356 1330 3397; x_wconf 87' lang='lat' dir='ltr'>natura</span> <span class='ocrx_word' id='word_1_337' title='bbox 1357 3365 1518 3415; x_wconf 88' lang='lat' dir='ltr'>supra</span> <span class='ocrx_word' id='word_1_338' title='bbox 1543 3347 1766 3400; x_wconf 91' lang='lat' dir='ltr'>modum</span> <span class='ocrx_word' id='word_1_339' title='bbox 1793 3346 1989 3408; x_wconf 85' lang='lat' dir='ltr'>beavit,</span> <span class='ocrx_word' id='word_1_340' title='bbox 2019 3354 2074 3398; x_wconf 91' lang='lat' dir='ltr'>et</span> <span class='ocrx_word' id='word_1_341' title='bbox 2107 3346 2163 3397; x_wconf 91' lang='lat' dir='ltr'>in</span> <span class='ocrx_word' id='word_1_342' title='bbox 2186 3344 2368 3414; x_wconf 88' lang='lat' dir='ltr'>singu-</span> 
     </span>
    </p>
   </div>
  </div>
 </body>
</html>
