2638 3860
1203 333 1300 379 195

907 837 1302 891 GUALTERI
1344 838 1601 892 MAPES

453 1025 621 1100 DE
695 1024 1136 1101 NUGIS
1218 1024 2056 1100 CURIALIUM

880 1224 1295 1274 DISTINCTIO
1333 1224 1558 1278 QUINT
1569 1226 1627 1273 A.

819 1539 1018 1609 Incipit
1044 1541 1245 1607 quinta.
1322 1542 1594 1608 ProloyuS.
1657 1539 1695 1592 i.

323 1690 751 1746 ANTIQUORUM
803 1690 1071 1742 industria
1121 1690 1279 1743 nobis
1323 1709 1434 1760 prae
1486 1690 1736 1742 manibus
1778 1697 1862 1742 est
1876 1711 1892 1756 3
1944 1697 2095 1759 gesta
2145 1689 2259 1743 suis

252 1775 414 1828 etiam
441 1776 712 1844 praeterita
738 1776 1077 1845 temporibus
1103 1776 1305 1828 nostris
1331 1776 1567 1828 reddunt
1603 1776 1908 1846 praesentia,
1935 1784 1990 1829 et
2027 1794 2127 1828 nos
2161 1776 2260 1828 ob-

253 1862 624 1926 mutescimUS,
658 1862 804 1913 unde
844 1861 901 1913 in
943 1861 1101 1913 nobis
1144 1880 1333 1914 eorum
1373 1861 1509 1914 vivit
1546 1861 1821 1926 memoria,
1842 1870 1897 1913 et
1933 1880 2034 1913 nos
2087 1862 2260 1915 nostri

251 1967 438 1999 sumus
464 1947 824 1999 immemores.
903 1947 1231 2000 Miraculum
1271 1948 1513 2001 illustre!
1557 1948 1755 2000 mortui
1780 1948 1990 2011 vivunt,
2014 1947 2124 2000 vivi
2161 1966 2259 2017 pro

251 2033 328 2085 eis
375 2033 724 2101 sepeliuntur.
803 2033 1030 2085 Habent
1069 2041 1124 2085 et
1164 2041 1351 2085 nostra
1393 2042 1639 2103 tempora
1675 2033 1900 2086 forsitan
1935 2033 2134 2103 aliquid
2161 2034 2260 2086 So-

254 2118 462 2188 phoclis
489 2137 599 2170 non
629 2118 877 2187 indigens
905 2120 1189 2170 cothurno·
1265 2119 1461 2172 ,Iacent
1505 2127 1686 2170 tamen
1725 2119 1932 2187 egregia
1973 2120 2261 2172 moderno-

252 2223 373 2255 rum
398 2203 680 2267 nobilium,
701 2204 1021 2255 attolluntur
1036 2203 1261 2255 fimbriae
1277 2204 1562 2256 vetustatis
1583 2203 1822 2272 abjectae.
1864 2205 1988 2255 Hoc
2005 2204 2260 2257 nimirum

253 2290 380 2341 inde
407 2297 507 2353 est,
534 2289 678 2358 quod
699 2290 1088 2358 reprehendere
1117 2289 1334 2353 seimus,
1354 2297 1408 2341 et
1425 2289 1654 2341 scribere
1675 2288 1981 2357 ignoramus
2003 2310 2016 2352 3
2044 2307 2257 2358 carpere

253 2375 577 2444 appetimUS,
605 2383 660 2427 et
685 2375 829 2444 carpi
856 2393 1138 2427 meremur.
1216 2375 1304 2427 Sic
1329 2375 1600 2426 raritatem
1626 2381 1909 2442 poetarum
1935 2374 2137 2426 faciunt
2166 2393 2258 2443 ge-

254 2461 415 2512 minae
434 2461 631 2530 linguae
649 2460 1089 2512 obtrectatorum.
1131 2460 1219 2512 Sic
1245 2467 1561 2530 torpescunt
1586 2459 1768 2523 animi,
1790 2459 2085 2527 depereunt
2109 2460 2258 2528 inge-

255 2547 343 2598 nia
359 2568 374 2611 3
403 2547 478 2598 sic
503 2547 735 2615 ingenua
760 2547 1020 2616 temporis
1047 2547 1208 2615 hujus
1237 2546 1493 2598 serenitas
1521 2545 1810 2598 enormiter
1836 2545 2181 2614 extinguitur,
2202 2553 2258 2597 et

253 2633 470 2685 lucerna
490 2651 600 2684 non
623 2633 835 2685 defectu
856 2632 1090 2684 materiae
1113 2632 1339 2701 sopitur,
1367 2633 1462 2684 sed
1483 2631 1845 2684 succumbunt
1870 2631 2118 2695 artifices,
2145 2639 2198 2682 et
2224 2650 2255 2683 a

253 2720 453 2771 nostris
498 2720 646 2771 nulla
684 2728 767 2772 est
807 2719 1082 2770 autoritas.
1160 2718 1341 2770 Caesar
1381 2736 1448 2770 en
1490 2718 1716 2780 Lucani,
1754 2717 1958 2769 AEneas
1987 2717 2251 2781 Maronis,

255 2805 439 2855 multis
465 2805 659 2856 vivunt
683 2805 738 2856 in
765 2805 1032 2866 laudibus,
1059 2804 1353 2874 plurimum
1382 2803 1492 2855 suis
1519 2803 1723 2854 meritis
1751 2810 1806 2854 et
1830 2821 1941 2854 non
1968 2802 2253 2854 minimum

252 2888 527 2957 vigilantia
552 2897 852 2958 poetarum.
899 2890 1076 2941 Nobis
1105 2889 1341 2941 divinam
1370 2889 1694 2941 Karolorum
1721 2896 1776 2939 et
1803 2887 2129 2957 Pepinorum
2156 2905 2253 2939 no-

255 2973 517 3026 bilitatem
542 2974 851 3043 vulgaribus
877 2974 1090 3025 rithmis
1120 2974 1231 3025 sola
1250 2973 1539 3025 mimorum
1566 2972 1902 3025 concelebrat
1926 2972 2253 3042 nugacitas,*

305 3163 330 3190 *
360 3165 426 3202 An
456 3163 627 3202 allusion
656 3167 699 3202 to
736 3163 825 3202 that
857 3164 1029 3214 popular
1060 3164 1163 3203 class
1182 3164 1229 3203 of
1279 3167 1469 3203 ventures
1502 3163 1550 3202 of
1577 3164 1647 3202 the
1676 3176 1750 3212 age
1783 3163 1834 3202 of
1860 3163 2147 3214 Charlemagne
2172 3164 2253 3203 and

251 3231 449 3271 medieval
481 3243 691 3269 romances
723 3231 894 3268 entitled
928 3231 997 3269 the
1018 3232 1224 3293 Chansom
1279 3232 1422 3282 Pepin.
1453 3232 1565 3283 They
1584 3231 1750 3272 became
1770 3232 1940 3283 popular
1955 3232 2080 3271 inthe
2096 3232 2254 3272 twelfth

250 3302 299 3340 de
324 3300 456 3346 Geste,
475 3298 606 3337 which
634 3299 779 3338 turned
810 3298 954 3350 chiefly
974 3311 1028 3338 on
1061 3300 1130 3338 the
1149 3299 1220 3338 ad·
1278 3303 1460 3349 century.
