2638 3860
364 374 475 427 cap.
498 374 814 426 xxviii.—xxx.]
1008 375 1086 409 DE
1128 372 1312 409 Nucls
1354 372 1730 410 GURIALIUM.
2259 364 2354 410 105

917 576 1051 626 Item
1077 574 1226 625 aliud
1235 574 1560 642 prodi-qiam.
1642 572 1787 625 xxix.

420 690 487 741 In
531 690 668 742 libro
718 691 947 761 Turpini
999 690 1283 743 Remensis
1334 689 1723 759 archiepiscopi
1744 691 1777 728 ³¹<
1829 690 1895 742 de
1946 690 2112 760 gestis
2166 691 2355 743 Karoli

349 776 558 846 Magni,
585 777 739 846 cujus
764 777 881 846 ipse
908 777 1190 845 coadjutor
1214 775 1527 828 individuus
1565 793 1737 844 usque
1772 776 1840 827 ad
1884 784 2116 829 mortem
2160 778 2350 842 fuerat,

349 862 609 931 scriptum
635 863 863 932 repperi,
909 863 1055 933 quod
1092 862 1247 914 miles
1274 861 1491 931 quidam
1517 861 1782 914 exercitus
1811 862 1999 914 Karoli
2024 864 2170 932 apud
2198 863 2355 914 Pam-

347 948 587 1017 pilonem
632 949 917 1012 decedenS,
958 947 1140 1000 omnia
1164 946 1308 998 bona
1335 965 1432 998 sua
1455 946 1740 998 karissimo
1768 946 1871 999 sibi
1910 947 2122 1000 cuidam
2162 948 2353 1000 clerico

347 1034 675 1105 pauperibus
701 1034 984 1104 partienda
1008 1033 1239 1103 reliquit.
1319 1032 1559 1084 Clericus
1586 1040 1768 1085 autem
1795 1033 2002 1086 caeteris
2029 1041 2153 1104 apte
2175 1033 2354 1086 distri-

347 1121 494 1172 butis
513 1139 711 1189 equum
731 1120 918 1171 militis
939 1138 1110 1170 unum
1139 1118 1470 1188 optimorum
1487 1118 1656 1171 totius
1678 1119 1943 1171 exercitus
1971 1139 2127 1172 avare
2154 1120 2247 1172 diu
2263 1120 2356 1171 de-

346 1205 528 1270 tinuit,
554 1205 711 1257 etiam
735 1205 894 1257 tertio
920 1205 978 1256 in
1005 1204 1209 1256 somnis
1236 1204 1566 1256 ammonitus
1592 1203 1659 1256 ab
1685 1205 1808 1274 ipso
1835 1205 2005 1257 milite
2031 1224 2099 1258 ne
2119 1207 2356 1275 legatum

346 1290 673 1360 pauperibus
699 1290 815 1360 ipse
843 1290 945 1342 sibi
969 1297 1254 1360 usurparet
1278 1289 1461 1342 illicite
1486 1290 1739 1363 neglexit.
1817 1290 2028 1344 Quarto
2048 1291 2209 1361 igitur
2224 1291 2356 1360 vigi-

345 1377 480 1428 lanti
506 1376 773 1447 apparuit,
800 1384 856 1429 et
881 1377 972 1441 ait,
1012 1379 1047 1406 “
1066 1376 1102 1428 J
1106 1396 1191 1428 am
1213 1376 1489 1445 judicatus
1517 1394 1592 1442 eS,
1611 1383 1665 1428 et
1680 1376 1954 1430 induravit
1970 1377 2244 1429 Dominus
2265 1394 2356 1428 cor

344 1469 501 1516 tuum
516 1482 585 1515 ne
598 1463 881 1532 poeniteaS,
905 1470 961 1515 et
981 1463 1237 1532 quoniam
1257 1463 1373 1531 ejus
1394 1462 1656 1532 patientia
1676 1462 1863 1514 delusa
1880 1463 2208 1533 monitisque
2228 1482 2357 1532 neg-

346 1549 497 1600 lectis
520 1550 779 1602 honorem
802 1550 923 1601 Deo
945 1548 1175 1617 superbe
1201 1548 1426 1617 negasti,
1445 1548 1530 1600 die
1552 1548 1708 1601 tertia
1723 1556 1851 1618 post
1866 1549 2005 1601 hanc
2021 1549 2178 1601 vivus
2199 1569 2229 1600 a
2250 1550 2359 1601 dae-

348 1633 603 1685 monibus
624 1633 844 1703 rapieris
865 1633 922 1685 in
939 1652 1060 1686 aera
1078 1634 1213 1686 hora
1233 1633 1445 1685 tertia.''
1511 1634 1635 1686 Hoc
1651 1633 1874 1686 verbum
1892 1642 1955 1686 ut
1978 1634 2182 1687 Karolo
2202 1635 2358 1687 inno-

347 1719 470 1784 tuit,
497 1720 869 1772 circumcinxit
893 1719 983 1771 illa
1012 1720 1146 1772 hora
1186 1719 1440 1772 clericum
1483 1738 1606 1772 cum
1647 1726 1764 1772 toto
1800 1720 2054 1773 exercitu·
2131 1720 2361 1773 Stabant

347 1824 473 1875 ergo
499 1806 674 1858 clerici
702 1805 951 1858 crucibus
977 1812 1032 1858 et
1056 1806 1327 1858 filacteriis
1354 1812 1409 1858 et
1434 1806 1600 1859 cereis
1627 1805 1835 1871 armati,
1861 1806 1980 1859 laici
2005 1806 2195 1876 gladiis
2222 1814 2277 1858 et
2303 1825 2360 1859 se

348 1891 666 1944 decentibus
694 1891 874 1956 armiS,
900 1898 1142 1943 attamen
1169 1892 1311 1944 facto
1339 1892 1574 1944 maximo
1610 1892 1820 1944 ululatu
1839 1892 1897 1944 in
1924 1910 2044 1945 aere
2070 1900 2255 1962 raptus
2276 1900 2362 1944 est

347 1996 378 2029 a
403 1978 654 2030 manibus
681 1997 886 2042 eorum,
914 1984 969 2030 et
995 1977 1080 2030 die
1107 1985 1296 2047 quarta
1320 1978 1495 2031 tribus
1521 1978 1648 2031 inde
1687 1978 1846 2032 dietis
1880 1978 2022 2032 inter
2057 1997 2219 2048 rupes
2246 1998 2362 2031 om-

347 2063 507 2116 nibus
534 2065 820 2118 confractis
848 2063 1104 2117 membris
1130 2066 1404 2118 inventus„

909 2223 1062 2290 [Item
1088 2224 1240 2275 aliud
1249 2225 1574 2291 prodigium.
1648 2224 1798 2292 xxx.]

423 2336 657 2390 Sedebat
683 2336 830 2388 solus
855 2336 913 2388 in
941 2337 1104 2389 domo
1133 2355 1229 2388 sua
1255 2337 1410 2389 miles
1437 2356 1468 2389 a
1493 2336 1980 2388 Northanhimbria
2007 2337 2145 2389 circa
2169 2338 2359 2389 horam

349 2425 611 2477 decimam
639 2430 765 2492 post
790 2422 1076 2492 prandium
1102 2422 1159 2474 in
1185 2430 1391 2485 aestate,
1430 2429 1486 2474 et
1522 2440 1644 2474 ecce
1672 2422 1763 2491 qui
1789 2422 1882 2473 diu
1907 2430 2031 2474 ante
2058 2423 2360 2475 decesserat

346 2519 501 2581 pater
545 2528 691 2574 SUUS,
735 2509 830 2561 vili
874 2527 1228 2578 pannosoque
1270 2508 1443 2560 cilicio
1486 2507 1784 2573 involutuS,
1825 2508 2163 2560 adveniebat,
2258 2509 2357 2560 Ille

350 2595 680 2648 daemonium
718 2601 886 2658 ratUS,
930 2594 1113 2663 ipsum
1139 2613 1170 2646 a
1194 2593 1380 2646 limine
1406 2593 1623 2663 repulit,
1663 2593 1750 2646 cui
1792 2601 1962 2663 pater,
2002 2597 2037 2623 “
2059 2593 2357 2647 Karissime

346 2682 441 2747 fili,
467 2701 536 2735 ne
562 2682 773 2745 timeaS,
800 2680 923 2750 quia
948 2688 1103 2750 pater
1127 2688 1255 2732 tuus
1283 2699 1423 2745 sum,
1464 2688 1520 2732 et
1556 2679 1692 2731 nihil
1728 2679 1828 2732 tibi
1855 2680 2134 2731 sinistrum
2160 2681 2357 2747 affer03

351 2769 446 2821 sed
473 2769 806 2821 sacerdotem
833 2767 1035 2819 advoca
1059 2774 1122 2818 ut
1146 2766 1328 2819 videas
1356 2785 1570 2819 causam
1611 2766 1876 2819 adventus
1915 2765 2074 2818 mei.''
2148 2765 2356 2819 Vocato

347 2854 510 2923 igitur
553 2862 608 2906 et
651 2853 896 2923 plurimis
942 2853 1344 2906 accurrentibus
1401 2852 1736 2924 presbyterO,
1788 2852 2085 2922 procedens
2129 2851 2246 2921 ipse
2289 2853 2359 2906 ad

349 2941 515 3009 pedes
557 2941 691 3009 ejuS,
719 2941 794 2991 ait
828 2939 936 3004 ille,
975 2940 1202 2991 “Miser
1235 2958 1334 3009 ego
1363 2958 1502 3003 sum,
1544 2956 1702 3008 quem
1742 2945 1804 2990 tu
1844 2938 2049 2990 dudum
2090 2956 2188 3007 pro
2216 2939 2357 2991 deci-

348 3043 558 3076 marum
593 3024 797 3092 injusta
836 3024 1139 3075 retentione
1164 3024 1562 3076 innominatum
1588 3024 1646 3074 in
1671 3022 1830 3074 turba
1856 3042 1978 3075 cum
2000 3023 2115 3075 aliis
2142 3042 2358 3076 excom-

348 3109 653 3174 municasti,
681 3109 776 3162 sed
802 3109 857 3173 in
884 3116 1097 3161 tanturn
1122 3109 1257 3162 mihi
1280 3127 1377 3181 per
1400 3109 1625 3179 gratiam
1651 3109 1757 3170 Dei
1783 3127 2095 3162 communes
2122 3109 2358 3163 ecclesiae

402 3238 427 3262 ²*
455 3237 554 3275 This
575 3241 687 3288 story
707 3236 831 3275 forms
861 3236 931 3275 the
963 3236 1134 3275 seventh
1160 3236 1329 3287 chapter
1384 3236 1486 3276 have
1507 3236 1702 3275 occurred
1722 3239 1763 3275 at
1784 3237 1852 3276 the
1872 3238 1955 3288 city
1974 3238 2021 3277 of
2045 3238 2258 3289 Bayonne,
2281 3238 2362 3276 and

348 3306 393 3344 of
422 3306 493 3344 the
526 3305 715 3344 fabulous
748 3305 909 3355 history
941 3304 1160 3355 published
1193 3303 1325 3343 under
1381 3304 1451 3343 the
1489 3305 1637 3355 knight
1673 3305 1708 3343 is
1743 3305 1873 3344 called
1905 3306 2147 3346 Romaricus
2166 3305 2229 3359 (in
2250 3320 2363 3347 some

348 3374 418 3412 the
450 3385 568 3412 name
599 3372 644 3411 of
670 3372 843 3423 Turpin,
878 3372 1009 3412 where
1042 3371 1076 3411 it
1102 3372 1137 3411 is
1171 3371 1258 3412 said
1277 3376 1321 3412 to
1380 3372 1508 3413 MSS.
1533 3372 1836 3426 Romanticus).

425 3457 614 3493 CAMD.
645 3456 767 3493 SOC·
2116 3462 2149 3495 P
