2638 3860
336 391 442 439 230
1046 396 1358 434 GUALTERI
1400 395 1601 430 MAPEs
1884 382 1885 385 ’
2029 393 2229 444 [Distinc.
2251 393 2303 434 V.

336 558 515 610 regem
563 538 860 592 Henricum
904 536 1216 600 secundum,
1244 542 1357 587 erat
1397 535 1540 585 idem
1577 551 1671 585 rex
1700 531 1969 584 Henricus
2013 535 2330 586 multarum-

336 645 438 695 que
479 642 781 694 grossarum
831 630 885 673 et
923 621 1201 690 pinguium
1241 619 1682 672 eleemosinarum
1728 618 1968 670 occultus
2013 627 2216 684 auctor,
2259 638 2327 671 ne

335 718 539 778 pateret
563 708 791 759 sinistrae
818 707 962 776 quod
1004 707 1165 757 dabat
1209 706 1443 757 dextera.
1520 705 1728 756 Missus
1764 712 1943 755 autem
1970 723 2000 754 a
2026 704 2328 756 Jerusalem

333 795 616 863 episcopus
651 791 1042 845 Acharanensis
1070 809 1304 861 quaerere
1344 799 1530 843 contra
1557 790 1869 842 Saladinum
1896 789 2173 854 auxilium,
2200 808 2329 842 con-

331 880 556 947 gregatis
595 897 718 929 cum
743 877 956 945 regibus
985 877 1312 927 Francorum
1351 885 1405 928 et
1432 876 1730 944 Anglorum
1768 874 2048 943 utriusque
2074 874 2328 943 principi-

333 965 450 1027 bus,
492 962 753 1031 allegabat
796 979 891 1030 pro
936 969 1075 1012 terra
1120 961 1376 1030 praedicta
1421 979 1644 1012 censum
1683 968 1894 1028 petens·
1990 960 2108 1011 Rex
2148 967 2328 1011 autem

331 1050 676 1108 Francorum,
704 1047 826 1116 quia
851 1054 982 1098 tunc
1022 1064 1173 1115 puer,
1200 1046 1424 1114 urgebat
1450 1045 1799 1098 amicabiliter
1822 1064 2002 1114 regem
2027 1045 2326 1113 Anglorum

330 1134 501 1185 dicere
541 1132 808 1201 primum3
850 1130 942 1199 qui
982 1131 1279 1199 respondit,
1320 1133 1355 1160 ‘⁶
1386 1130 1652 1199 Proposui
1699 1149 1821 1182 cum
1861 1130 2325 1199 opportunitatem

327 1217 561 1269 habuero
586 1216 702 1267 loca
729 1223 911 1266 sancta
939 1214 1246 1283 Christique
1275 1215 1618 1283 sepulchrum
1644 1214 1879 1278 visitare,
1909 1215 2003 1266 sed
2029 1233 2126 1282 pro
2161 1215 2324 1267 modo

326 1319 447 1354 meo
488 1301 657 1352 donec
695 1300 751 1351 id
794 1299 908 1352 fieri
950 1308 1139 1368 posset
1165 1318 1470 1352 succurram
1497 1300 1563 1364 ei,
1590 1301 1759 1369 liquet
1784 1301 1928 1352 enim
1958 1300 2102 1369 quod
2128 1318 2324 1369 urgens

327 1395 381 1438 et
406 1386 567 1437 ardua
583 1385 875 1437 necessitas
903 1392 1114 1436 tantum
1135 1385 1314 1437 emisit
1333 1385 1608 1437 nuncium.
1687 1385 1975 1454 Sexaginta
1998 1386 2161 1436 millia
2188 1405 2325 1437 mar-

326 1489 506 1523 carum
542 1471 669 1522 illuc
710 1489 805 1539 per
848 1470 1027 1539 ipsum
1073 1478 1128 1521 et
1180 1489 1329 1522 meos
1364 1471 1464 1523 hac
1507 1470 1623 1522 vice
1663 1471 2084 1523 tranS1nittam.”
2161 1472 2325 1526 Quod

327 1556 463 1608 dixit
504 1556 641 1607 infra
680 1574 920 1607 mensem
962 1555 1223 1624 implevit,
1261 1556 1349 1608 vel
1373 1564 1504 1607 tunc
1529 1556 1615 1607 vel
1642 1564 1767 1624 post
1808 1556 2016 1607 nullum
2043 1556 2169 1609 inde
2203 1557 2325 1608 fati-

324 1660 454 1710 gans
498 1641 772 1693 exactione
817 1642 902 1693 vel
965 1641 1248 1710 exigentia,
1292 1649 1354 1693 ut
1393 1641 1551 1693 multi
1604 1642 1780 1693 solent
1829 1661 1859 1692 a
1903 1641 2136 1695 subditis
2181 1645 2325 1713 quod

322 1727 645 1795 impendunt
693 1727 925 1795 praelatis
970 1727 1191 1796 eripere.
1268 1729 1385 1780 Rex
1425 1735 1606 1779 autem
1649 1727 1887 1780 Franciae
1933 1729 2085 1798 quasi
2131 1730 2324 1799 sagitta

323 1812 501 1863 subita
526 1830 833 1881 percussus,
861 1820 916 1863 et
942 1831 1131 1865 omnes
1172 1813 1439 1882 principes
1476 1814 1592 1882 ejus
1620 1814 2042 1879 obmutuerunt3
2081 1834 2181 1867 nec
2206 1816 2322 1883 ipse

323 1916 417 1949 rex
446 1916 545 1949 nec
587 1898 811 1950 aliorum
845 1898 1036 1967 aliquis
1071 1906 1221 1950 tanto
1252 1899 1541 1951 verborum
1568 1899 1751 1951 audito
1778 1901 2010 1952 culmine
2037 1902 2322 1970 quicquam

323 1982 633 2050 promittere
661 1990 789 2033 sunt
814 1983 945 2034 ausi.
1024 1984 1159 2034 Haec
1185 1991 1363 2034 autem
1401 1984 1540 2034 facta
1584 1991 1712 2034 sunt
1755 1985 1899 2052 apud
1939 1984 2319 2039 Silvanectum.

324 2068 440 2119 Has
466 2068 538 2119 lx.
565 2086 638 2119 m.
664 2086 867 2119 marcas
894 2069 1179 2137 episcopus
1205 2069 1292 2120 ille
1310 2070 1482 2133 Acrae,
1502 2087 1621 2135 quae
1655 2069 1805 2138 prius
1832 2070 2081 2122 Acharon
2110 2072 2320 2124 diceba-

320 2162 425 2217 tur,
452 2153 576 2205 tulit
601 2154 668 2204 ad
694 2154 814 2218 Sur,
835 2173 954 2223 quae
981 2155 1128 2223 prius
1155 2156 1327 2206 fuerat
1353 2154 1505 2206 Siria.
1581 2155 1725 2206 Nam
1752 2163 2038 2225 antequam
2064 2157 2319 2222 venisset,

320 2246 475 2307 capta
493 2239 595 2290 fuit
620 2239 918 2291 Jerusalem
947 2248 1000 2291 et
1027 2241 1181 2303 Acra,
1200 2248 1254 2291 et
1279 2240 1363 2291 his
1391 2240 1581 2292 marcis
1610 2241 1828 2293 defensa
1852 2242 1955 2292 fuit
1982 2242 2086 2294 Sur
2110 2251 2164 2294 et
2190 2244 2319 2296 resi—

319 2323 484 2374 duum
511 2329 663 2374 terrae
689 2323 990 2375 Jerusalem
1035 2342 1131 2392 per
1156 2342 1375 2374 manum
1404 2316 1681 2376 Bonefacii
1708 2325 2032 2377 marchionis
2060 2327 2126 2378 de
2154 2328 2318 2379 Mon-

319 2409 585 2472 teferrat0‚
632 2398 959 2478 quem'post
1001 2409 1360 2477 praesentibus
1417 2409 1668 2478 Philippo
1713 2428 1836 2479 rege
1891 2412 2218 2464 Francorum
2263 2422 2319 2466 et

319 2494 583 2544 Richardo
623 2494 918 2562 Anglorum
969 2494 1075 2546 duo
1123 2494 1397 2546 Hassasisi
1443 2495 1755 2547 occiderunt
1793 2496 1851 2547 in
1895 2497 2011 2548 foro
2052 2499 2316 2552 exercitus

318 2597 519 2643 eorum,
548 2598 682 2647 quos
708 2598 802 2631 rex
832 2580 1129 2631 Richardus
1157 2581 1340 2632 statim
1366 2581 1494 2633 fecit
1518 2581 1574 2632 in
1600 2582 1772 2633 frusta
1806 2583 2034 2635 concidi.
2111 2585 2318 2638 Dicunt

317 2664 507 2715 Franci
546 2664 690 2732 quod
727 2664 843 2732 ipse
891 2665 1152 2716 Ricardus
1179 2666 1307 2717 fecit
1346 2666 1449 2718 hoc
1492 2665 1609 2717 fieri
1648 2684 1746 2735 per
1785 2666 2062 2732 invidiam,
2089 2678 2143 2720 et
2170 2671 2315 2738 quod

315 2750 618 2819 procuravit
660 2758 889 2802 mortem
935 2752 1230 2804 Bonefacii.
1330 2753 1449 2804 Rex
1499 2760 1680 2804 autem
1724 2753 1996 2805 Henricus
2043 2757 2312 2808 secundus

316 2836 670 2904 supradictUS,
710 2837 894 2887 multis
946 2837 1119 2888 clarus
1164 2837 1405 2889 moribus
1447 2846 1502 2889 et
1539 2838 1826 2907 aliquantis
1867 2840 2127 2893 obscurus
2165 2843 2312 2895 vitiis

313 2922 431 2973 fuit.
505 2921 712 2973 Vitium
755 2930 838 2973 est
882 2924 1024 2991 quod
1069 2942 1099 2974 a
1138 2923 1324 2975 matris
1372 2942 1482 2975 suae
1525 2924 1786 2989 doctrina,
1815 2933 1878 2976 ut
1911 2927 2155 2994 praedixi,
2183 2947 2313 2981 con-

312 3005 489 3067 traxit,
516 3005 891 3071 dispendiosus
929 3014 1011 3058 est
1050 3007 1106 3058 in
1146 3026 1366 3059 suorum
1401 3009 1651 3077 negotiis,
1677 3010 1821 3062 unde
1848 3011 1911 3062 fit
1937 3020 1998 3063 ut
2023 3021 2311 3082 antequam

313 3090 523 3158 negotia
549 3109 732 3141 eorum
760 3100 1158 3161 consequantur
1183 3093 1339 3144 multi
1365 3093 1682 3157 moriantur,
1699 3102 1793 3146 aut
1818 3095 1884 3146 ab
1911 3096 2031 3165 ipso
2058 3100 2312 3152 recedant

314 3175 493 3227 tristes
532 3185 585 3227 et
609 3177 751 3240 vani,
778 3178 916 3229 fame
944 3187 1187 3247 cogente.
1262 3179 1474 3230 Vitium
1513 3179 1660 3230 aliud
1701 3188 1802 3245 est,
1838 3183 1983 3251 quod
2027 3202 2147 3235 cum
2191 3204 2310 3254 per-

312 3259 584 3322 hendinat,
626 3262 769 3328 quod
810 3279 928 3313 raro
969 3262 1048 3327 fit,
1075 3281 1187 3314 non
1231 3263 1498 3331 permittit
1539 3282 1596 3315 se
1634 3264 1805 3316 videri
1847 3269 2145 3320 secundum
2183 3279 2311 3322 vota

310 3343 590 3407 bonorum,
617 3346 709 3396 sed
751 3346 806 3397 in
848 3346 1195 3399 interioribus
1240 3347 1434 3400 clausis
1480 3349 1609 3401 solis
1646 3349 1751 3401 illis
1796 3352 2049 3420 copiosus
2090 3362 2189 3418 est,
2217 3354 2309 3423 qui
