2638 3860
313 380 414 425 150
1023 387 1333 423 GUALTERI
1375 385 1576 420 MAPEs
1966 385 2166 436 [Distinc.
2189 386 2266 426 IV.

305 529 588 592 foemineae,
614 527 829 597 proprio
855 527 910 577 id
937 533 1020 577 est
1046 526 1202 577 malo.
1277 524 1451 576 Variis
1478 531 1533 576 et
1559 523 1783 576 diversis
1809 523 2068 577 incedunt
2093 525 2299 576 semitis

301 614 554 677 foeminae,
579 613 984 681 quibuscunque
1025 610 1351 663 anfractibus
1390 617 1583 674 errent,
1616 609 2044 679 quantiscunque
2084 611 2301 663 devient

302 699 475 762 inviis,
525 699 714 749 unicus
765 705 847 749 est
896 697 1089 761 exitus,
1140 697 1297 748 unica
1340 695 1580 748 omnium
1625 694 1833 746 viarum
1879 714 2093 748 suarum
2137 705 2298 761 meta,

299 781 519 833 unicum
545 788 704 849 caput
730 788 784 832 et
809 788 1106 832 conventus
1153 780 1395 832 omnium
1433 778 1804 831 diversitatum
1833 798 2051 830 suarum
2077 781 2295 833 malitia.

299 864 562 932 Exemplo
612 864 800 915 harum
844 864 1266 933 experimentum
1313 882 1459 933 cape,
1487 864 1630 932 quod
1671 863 1846 914 audax
1885 870 1969 915 est
2008 864 2076 915 ad
2115 865 2297 917 omnia

299 968 624 1019 quaecunque
672 957 815 1001 amat
838 951 924 1002 vel
965 950 1079 1002 odit
1115 950 1351 1014 foemina,
1392 957 1446 1001 et
1471 948 1756 1001 artificiosa
1793 967 1985 1001 nocere
2012 968 2135 1001 cum
2160 950 2296 1014 vult,

299 1034 441 1104 quod
460 1052 669 1102 semper
688 1035 804 1086 vult
821 1042 875 1086 et
891 1036 1224 1104 frequenter3
1265 1054 1386 1087 cum
1407 1036 1595 1104 juvare
1615 1042 1767 1103 parat
1783 1034 1954 1095 obest,
1983 1035 2127 1086 unde
2147 1035 2209 1086 fit
2239 1042 2296 1087 ut

299 1127 489 1171 noceat
508 1127 563 1171 et
588 1119 794 1172 nolenS.
870 1120 937 1171 In
953 1122 1165 1173 fornace
1185 1122 1394 1190 positus
1415 1139 1470 1172 es
1489 1142 1503 1185 3
1543 1121 1587 1172 si
1604 1139 1792 1172 aurum
1810 1139 1885 1185 eS,
1906 1120 2076 1172 exibis
2092 1121 2294 1189 purior.

369 1203 622 1272 Dejanira
658 1204 1000 1273 Tirynthium
1037 1205 1265 1257 interula
1290 1206 1526 1270 vestivit,
1553 1213 1608 1258 et
1641 1213 2007 1258 monstrorum
2042 1205 2291 1258 malleum

299 1289 527 1341 monstri
565 1289 820 1358 sanguine
846 1290 959 1341 ulta
985 1298 1083 1355 est,
1114 1291 1319 1360 sibique
1350 1291 1612 1360 processit
1637 1292 1705 1343 ad
1730 1292 2029 1362 lachrymas
2057 1292 2202 1360 quod
2228 1292 2295 1343 ad

299 1375 538 1427 laetitiam
573 1375 873 1427 machinata
898 1383 997 1428 est.
1071 1377 1276 1442 Amice,
1303 1378 1586 1446 trajectum
1627 1378 1735 1430 telo
1782 1378 2032 1430 Herculis
2061 1378 2216 1430 scivit
2241 1386 2296 1430 et

299 1460 435 1512 vidit
478 1460 715 1511 Nessum
763 1460 884 1524 ista,
922 1461 1269 1513 nihilominus
1315 1469 1495 1513 tamen
1546 1462 1723 1513 Nesso
1777 1462 2002 1514 credidit
2050 1462 2106 1513 in
2154 1463 2295 1514 Her-

300 1546 489 1609 culem,
523 1553 577 1596 et
603 1545 755 1614 quasi
797 1554 1008 1615 sponte,
1050 1565 1209 1616 quem
1234 1547 1431 1599 vestire
1478 1547 1664 1599 debuit
1700 1547 1946 1611 interula,
1972 1547 2191 1599 vestivit
2214 1548 2299 1602 in-

298 1630 475 1682 teritu.
553 1630 737 1682 Insani
764 1632 952 1700 capitis
980 1639 1034 1684 et
1070 1632 1360 1701 praecipitis
1388 1632 1553 1683 animi
1590 1632 1825 1696 foemina,
1845 1632 2049 1684 illibata
2084 1651 2296 1703 semper

299 1715 594 1779 voluntate,
619 1715 951 1785 praecipuum
990 1716 1276 1768 arbitratur
1314 1717 1458 1785 quod
1483 1717 1616 1780 vult,
1644 1735 1754 1768 non
1781 1717 1926 1785 quod
1952 1719 2202 1787 expedit3
2242 1726 2297 1771 et

297 1806 359 1849 ut
382 1817 492 1867 prae
523 1800 771 1851 omnibus
798 1801 1004 1869 placere
1030 1802 1195 1870 cupit,
1239 1801 1498 1870 placitum
1545 1819 1705 1851 suum
1753 1801 2004 1853 omnibus
2045 1803 2294 1871 praeferre

304 1885 547 1935 consulta
586 1893 684 1936 est.
760 1887 1061 1938 Duodecim
1098 1887 1421 1938 inhumanos
1459 1886 1669 1938 labores
1708 1888 2104 1939 consummavit
2155 1889 2297 1939 Her-

300 1969 474 2033 cules3
513 1989 543 2021 a
590 1970 957 2023 tertiodecimo
1008 1972 1098 2040 qui
1143 1990 1358 2024 omnem
1401 1971 1849 2023 inhumanitatem
1894 1972 2123 2024 excessit
2165 1992 2292 2025 con-

302 2061 550 2121 sumptus
578 2061 677 2105 est.
754 2054 841 2105 Sic
874 2055 1196 2106 fortissimus
1221 2055 1504 2107 hominum
1530 2075 1681 2126 aeque
1706 2058 2002 2125 gemendus
2029 2065 2092 2109 ut
2115 2076 2294 2127 geme-

300 2134 515 2187 bundus
544 2137 812 2202 occubuit,
841 2138 931 2207 qui
957 2139 1075 2190 coeli
1101 2158 1275 2191 arcem
1313 2140 1549 2192 humeris
1578 2140 1691 2192 sine
1716 2141 1921 2209 gemitu
1949 2141 2296 2195 sustinuerat.

370 2221 607 2272 Tandem
659 2240 777 2290 quae
822 2241 1057 2292 unquam
1091 2224 1231 2275 inter
1268 2231 1351 2274 tot
1387 2224 1532 2275 milia
1569 2224 1776 2275 milium
1817 2225 2062 2276 sedulum
2102 2226 2296 2279 sollici-

299 2311 518 2374 tumque
555 2315 887 2375 precatorem
928 2317 1187 2378 perpetua
1213 2309 1550 2361 contristavit
1586 2310 1833 2379 repulsa?
1877 2311 1963 2362 vel
2004 2330 2123 2380 quae
2167 2330 2295 2364 con-

301 2399 502 2443 stanter
536 2393 777 2461 praecidit
802 2394 963 2446 verba
989 2395 1259 2464 petentis?
1300 2396 1537 2447 favorem
1579 2396 1719 2466 sapit
1762 2397 1877 2466 ejus
1917 2398 2216 2466 responsio,
2243 2407 2298 2452 et

300 2486 768 2548 quantumcunque
797 2480 927 2532 dura
951 2481 1111 2532 fuerit
1151 2499 1361 2551 semper
1397 2481 1453 2532 in
1494 2481 1670 2555 aliquo
1697 2483 1845 2535 verbi
1873 2483 1955 2534 sui
1981 2484 2176 2552 angulo
2203 2484 2297 2535 ali-

298 2580 455 2630 quem
482 2571 588 2614 tuae
607 2565 882 2634 petitionis
904 2567 1147 2619 fomitem
1173 2567 1493 2636 implicitum
1519 2567 1770 2632 habebit3
1810 2587 1929 2637 quae
1968 2569 2094 2620 licet
2118 2577 2296 2639 negat,

299 2647 445 2698 nulla
469 2657 738 2718 pernegat.
816 2651 1018 2719 Irrupit
1044 2670 1233 2703 aurum
1258 2652 1315 2703 in
1340 2654 1741 2722 propugnacula
1767 2654 1926 2704 turris
1953 2654 2165 2719 Acrisii,
2185 2655 2296 2706 val-

297 2730 492 2802 loque*
530 2735 812 2803 multiplici
851 2735 1112 2804 signatam
1151 2738 1366 2788 Danaes
1394 2738 1708 2805 pudicitiam
1735 2739 1912 2790 solvit.
1987 2739 2192 2803 Amice,
2221 2739 2297 2792 sic

295 2818 484 2885 virgini
511 2837 627 2887 quae
654 2827 793 2871 terra
829 2820 1251 2890 triumphaverat
1276 2822 1341 2874 de
1369 2823 1501 2874 coelo
1529 2823 1667 2891 pluit
1700 2823 1971 2889 incestus3
2023 2825 2099 2876 sic
2133 2843 2295 2894 quam

300 2921 409 2954 non
450 2905 584 2955 fallit
620 2906 840 2957 humilis
866 2906 1034 2958 vincit
1074 2907 1351 2972 sublimis3
1392 2908 1467 2960 sic
1508 2908 1749 2961 arborem
1785 2929 1944 2979 quam
1979 2929 2089 2963 non
2116 2919 2299 2964 movet

301 2988 585 3056 FavoniUS,
613 2992 805 3044 evertit
829 2993 1043 3062 Aquilo,
1121 2993 1442 3056 Periccero†
1467 2994 1617 3064 virgo
1648 3014 1873 3065 vergens
1906 2997 1963 3048 in
1990 2998 2217 3063 senium,
2243 3006 2299 3052 et

352 3129 376 3152 ³¹·
405 3143 610 3181 muroque,
631 3134 725 3173 MS.
748 3135 944 3174 Arundel.
1320 3138 1365 3175 in
1384 3137 1453 3175 the
1474 3137 1578 3176 Brit.
1601 3139 1715 3177 Mus.
1773 3140 1862 3179 The
1880 3145 1968 3180 text
1986 3141 2148 3192 printed
2167 3142 2210 3180 in
2228 3142 2297 3180 the

354 3197 381 3243 †
408 3197 493 3236 The
512 3200 638 3239 whole
658 3204 893 3253 paragraph,
917 3205 1133 3242 Perit-cero
1184 3231 1196 3243 .
1254 3234 1265 3244 .
1322 3205 1454 3244 works
1476 3206 1521 3244 of
1541 3207 1600 3245 St.
1623 3207 1650 3246 J
1655 3219 1789 3247 erome
1810 3210 1919 3259 gives
1939 3210 2008 3249 the
2027 3222 2144 3249 name
2163 3211 2295 3259 Lycia

294 3264 508 3312 praeeipuz’,
529 3266 562 3303 is
593 3269 763 3307 omitted
792 3270 835 3308 in
866 3270 933 3308 the
969 3270 1126 3310 Oxford
1156 3271 1266 3319 MS„
1321 3272 1478 3312 instead
1508 3274 1792 3315 ofPerieeero.

302 3330 380 3367 and
399 3330 433 3368 is
453 3331 546 3370 here
566 3336 750 3385 supplied
769 3337 871 3375 from
895 3350 970 3376 one
987 3339 1032 3376 of
1047 3339 1116 3376 the
1136 3339 1263 3378 MSS.
