2638 3860
355 373 454 421 146
1100 383 1409 418 GUALTEm
1439 382 1640 418 MAPEs
2011 383 2208 433 [Distinc.
2233 382 2309 421 IV.

349 523 492 592 eripe
525 529 579 574 te
608 523 734 574 dum
761 521 935 573 adhuc
961 527 1088 571 sunt
1111 520 1410 589 ruptibileS,
1437 538 1506 572 ne
1533 519 1752 572 claudus
1779 518 1868 570 ille
1893 518 2042 571 faber
2069 528 2124 572 et
2145 521 2339 590 turpiS,

349 628 507 678 quem
532 626 629 659 nec
655 609 784 659 deus
812 606 1057 675 dignatus
1085 614 1167 658 est
1201 625 1386 657 mensa
1407 606 1505 658 dea
1523 623 1622 656 nec
1643 604 1858 673 dignata
1883 604 2097 669 cubili&
2133 614 2187 658 te
2223 622 2333 659 suae'

346 692 543 746 Veneri
569 711 714 745 more
737 711 833 744 suo
861 700 1191 755 concatenet,
1212 701 1267 744 et
1292 701 1345 744 te
1368 692 1451 743 sui
1478 691 1725 754 similem,
1744 698 1957 758 turpem
1985 699 2040 743 et
2065 692 2337 757 claudum,

345 778 431 829 vel
456 778 599 845 quod
633 777 799 846 magis
835 785 1018 828 metuo
1045 777 1338 846 loripedem
1378 776 1552 839 faciat,
1574 783 1628 828 et
1652 793 1763 826 non
1789 774 1966 843 possis
1994 776 2140 845 quod
2170 778 2339 829 salvat

345 863 525 913 fissam
551 862 745 913 habere
781 863 1052 930 ungulam,
1082 863 1175 914 sed
1201 862 1443 931 alligatus
1478 861 1694 925 Veneri,
1722 861 1875 912 dolor
1914 861 2011 913 fias
2051 869 2106 914 et
2141 863 2336 915 derisio

345 947 658 1012 videntium,
680 948 808 999 dum
834 948 933 1000 tibi
958 948 1292 1017 applaudunt
1311 948 1454 1011 caeci,
1472 955 1526 999 et
1544 947 1789 999 videntes
1809 946 2097 1000 minantur.
2136 950 2188 999 A
2203 949 2337 1001 falso

348 1034 565 1086 dearum
610 1034 791 1102 judice
842 1035 1125 1104 reprobata
1162 1042 1244 1087 est
1289 1035 1480 1098 Pallas,
1527 1033 1649 1103 quia
1693 1034 1955 1085 delectare
1990 1053 2101 1086 non
2137 1021 2339 1103 promi-

347 1119 417 1171 sit
443 1120 536 1171 sed
562 1120 831 1188 prodesse.
906 1121 1111 1185 Amice,
1137 1121 1398 1190 numquid
1437 1128 1491 1171 et
1527 1127 1588 1171 tu
1631 1119 1705 1171 sic
1743 1120 1995 1188 judicas?
2072 1122 2245 1173 Video
2283 1128 2338 1174 te

340 1204 453 1272 jam
478 1204 770 1256 fastidienti
804 1205 983 1257 animo
1023 1213 1138 1257 tota
1178 1205 1445 1257 celeritate
1483 1223 1788 1273 percurrere
1815 1224 1933 1274 quae
1958 1206 2109 1274 legis,
2136 1214 2190 1258 et
2217 1225 2339 1258 sen-

346 1290 541 1342 tentias
569 1310 678 1343 non
704 1293 995 1356 attendere,
1014 1292 1108 1343 sed
1140 1299 1417 1361 expectare
1456 1292 1743 1343 schemata.
1820 1292 2042 1343 Frustra
2067 1300 2337 1361 expectaS,

348 1375 476 1427 dum
501 1376 588 1428 hic
607 1376 853 1428 turbidus
880 1376 1052 1428 amnis
1080 1376 1331 1439 defluat,†
1363 1383 1456 1427 aut
1477 1375 1606 1426 dum
1625 1375 1740 1427 haec
1760 1376 2062 1428 faeculentia
2083 1378 2338 1430 secedens

345 1477 478 1528 pura
504 1461 605 1513 sibi
643 1461 844 1513 fluenta
870 1462 1137 1530 subroget.
1215 1460 1426 1513 Similes
1458 1460 1601 1512 enim
1639 1460 1722 1512 sui
1758 1460 1924 1512 fontis
1965 1470 2182 1531 oportet
2219 1482 2337 1516 esse

346 1545 564 1610 rivuIOS,
591 1546 834 1598 turbidos
861 1555 953 1598 aut
973 1547 1159 1598 clarOS.

419 1631 507 1683 Sic
532 1632 852 1700 imperitiam
873 1632 1046 1684 cordis
1065 1632 1170 1683 mei
1188 1631 1380 1684 vitium
1407 1631 1662 1683 orationis
1690 1631 1958 1701 exprimit,
1986 1640 2041 1685 et
2071 1641 2340 1687 strumosa

345 1716 639 1768 dictionum
666 1717 939 1786 imparitas
962 1718 1247 1769 delicatum
1274 1717 1500 1769 offendit
1539 1717 1795 1769 animum.
1873 1719 2055 1787 Hujus
2098 1719 2338 1772 imbecil-

344 1802 508 1853 litatis
534 1802 667 1854 mihi
693 1803 956 1867 conscius,
985 1803 1326 1855 divertissem
1352 1822 1438 1855 me
1465 1822 1494 1854 a
1521 1804 1882 1856 dissuadendo
1908 1804 2153 1858 libenter.
2230 1807 2338 1858 Sed

345 1888 469 1956 quia
517 1895 689 1939 tacere
737 1907 849 1940 non
898 1890 1071 1958 potui,
1116 1890 1329 1940 locutus
1383 1908 1502 1939 sum
1546 1897 1608 1939 ut
1644 1889 1815 1957 potui.
1914 1890 2077 1943 Quod
2120 1891 2164 1942 si
2204 1893 2337 1943 mihi

346 1981 488 2024 esset
513 1980 662 2024 tanta
684 1974 807 2042 styli
827 1974 1017 2037 virtus,
1038 1982 1270 2042 quantus
1291 1982 1373 2025 est
1399 1974 1664 2026 scribendi
1690 1975 1917 2036 animus,
1941 1983 2050 2026 tam
2080 1977 2338 2045 elegantia

347 2057 445 2109 tibi
481 2058 642 2110 verba
679 2059 1097 2111 transmitterem
1133 2067 1187 2110 et
1224 2067 1334 2110 tam
1371 2059 1539 2112 nobili
1577 2059 1821 2111 maritata
1847 2061 2115 2129 conjugio,
2142 2070 2203 2113 ut
2229 2062 2338 2114 sin-

346 2143 469 2210 gula
513 2161 753 2195 seorsum
798 2152 852 2196 et
893 2145 1053 2195 simul
1088 2145 1275 2196 omnia
1321 2164 1478 2196 suum
1522 2144 1834 2196 viderentur
1876 2154 2149 2197 auctorem
2175 2147 2338 2199 bene-

346 2227 534 2279 dicere.
589 2228 692 2280 Sed
720 2228 841 2297 quia
867 2229 998 2280 mihi
1024 2229 1202 2281 omnia
1232 2228 1393 2280 debes
1421 2246 1751 2298 quaecunque
1776 2230 1955 2281 nudus
1982 2231 2157 2283 adhuc
2177 2240 2231 2283 et
2255 2233 2337 2284 in-

344 2312 623 2363 foecundus
665 2331 829 2378 amor,
874 2332 942 2366 ne
987 2314 1106 2366 dico
1152 2313 1365 2377 sterilis,
1395 2315 1688 2382 promereri
1729 2322 1912 2383 potest
1956 2333 2022 2366 ex
2066 2317 2337 2384 omnibus,

342 2398 475 2449 mihi
501 2417 680 2451 aurem
707 2399 971 2468 patienter
996 2399 1174 2469 praebe
1200 2399 1433 2464 interim,
1461 2400 1591 2450 dum
1626 2400 1869 2452 evolvam
1897 2402 2042 2470 quod
2078 2403 2336 2472 implicui,

347 2490 402 2534 et
427 2502 456 2534 a
482 2502 566 2535 me
592 2503 699 2536 non
728 2485 962 2553 requiras
988 2485 1361 2554 purpurissum
1399 2485 1622 2536 oratoris
1650 2494 1743 2537 aut
1768 2504 2056 2551 cerussam,
2092 2507 2210 2557 quae
2252 2509 2338 2544 me

344 2569 546 2621 nescire
571 2571 740 2622 fateor
766 2578 820 2622 et
843 2571 965 2635 fleo,
994 2571 1088 2623 sed
1116 2571 1396 2623 scribentis
1416 2579 1605 2623 votum
1633 2579 1688 2622 et
1711 2572 1921 2640 paginae
1945 2573 2225 2626 veritatem
2251 2595 2337 2628 ac-

346 2662 514 2722 cepta.
589 2655 770 2707 Julius
800 2656 997 2720 Caesar,
1038 2656 1191 2725 cujus
1231 2655 1572 2724 amplitudini
1598 2664 1775 2707 arctus
1802 2656 1905 2708 fuit
1931 2657 2094 2720 orbis,
2123 2659 2207 2711 die
2234 2679 2338 2730 qua

348 2739 526 2792 nobile
557 2740 708 2791 filum
734 2741 903 2809 ipsius
930 2760 1059 2792 ausa
1093 2749 1176 2793 est
1202 2759 1385 2793 occare
1411 2741 1559 2805 ferass
1586 2740 1748 2791 nimis
1773 2741 2032 2810 Atropos,
2052 2743 2338 2816 Tongilio§

345 2824 534 2876 humili
559 2826 773 2894 quidem
802 2827 894 2878 sed
922 2827 1120 2891 divino,
1139 2827 1262 2896 quia
1289 2826 1456 2895 stylos
1482 2826 1828 2895 praedocenti,
1856 2845 2037 2880 aurem
2063 2829 2337 2884 humiliter

346 2909 619 2963 inclinavit
642 2912 698 2963 in
723 2913 892 2964 valvis
911 2914 930 2979 Η
973 2912 1242 2982 Capitolii.
1319 2912 1483 2966 Quod
1510 2912 1555 2963 si
1581 2919 1635 2963 et
1660 2912 1917 2977 animum,
1944 2932 2130 2983 poenas
2158 2917 2206 2968 ei
2245 2918 2337 2970 de-

351 2992 555 3046 dissent
579 2995 772 3064 quibus
809 3004 863 3047 et
887 2996 1020 3065 ipse,
1049 3005 1108 3048 tu
1134 2997 1294 3049 modo
1330 2996 1463 3048 mihi
1499 2997 1760 3066 stylorum
1787 3004 2004 3050 tuorum
2031 3004 2335 3068 praenuntio

404 3132 429 3159 *
448 3135 592 3185 Virgil.
623 3136 763 3187 Eclog.
785 3137 839 3176 iv.
862 3138 928 3177 63.
1424 3142 1444 3186 ξ
1474 3139 1560 3177 The
1580 3142 1665 3177 text
1680 3138 1841 3189 printed
1855 3139 1898 3178 in
1915 3139 1974 3180 St.
1988 3140 2015 3180 J
2018 3142 2193 3183 erome's
2204 3145 2338 3184 works

406 3204 435 3246 †
464 3202 566 3241 Hor.
589 3204 722 3254 Epist.
738 3205 774 3244 Ι.
792 3206 834 3244 ii.
856 3206 883 3243 1,
901 3208 967 3250 42,
992 3210 1019 3228 “
1037 3207 1228 3247 Rusticus
1242 3220 1310 3246 ex·
1370 3207 1484 3245 reads
1509 3208 1702 3258 Tuyillio.

353 3272 487 3317 pectat
506 3269 600 3307 dum
621 3271 767 3309 defluat
785 3273 966 3311 amnis.''
1427 3278 1442 3322 ΙΙ
1478 3277 1628 3323 limine,
1651 3277 1747 3318 MS.
1770 3279 1926 3318 Arund.

411 3336 434 3382 ἶ
463 3347 576 3383 sceva,
596 3337 691 3377 MS.
714 3339 839 3378 Burn.
