2638 3860
320 317 422 369 Cap.
444 317 548 369 xvi.]
936 316 1014 351 DE
1056 317 1240 354 Nums
1281 315 1654 354 cnmALmM.
2232 300 2301 360 27⁴

292 461 493 507 secum,
533 442 590 494 in
634 441 867 495 crastino
912 444 1146 497 multum
1181 444 1427 498 divinans
1464 452 1519 498 et
1556 463 1669 497 non
1692 441 1994 505 invenienS‚
2038 459 2161 495 ecce
2203 459 2299 495 sex

292 528 467 582 clerici
491 528 592 581 viri
618 528 903 597 magnifici,
931 530 1300 600 septimusque
1328 550 1451 584 cum
1478 531 1554 583 eis
1596 529 1849 598 magister
1874 547 2062 581 eorum
2089 528 2296 591 Bruno,

288 613 562 682 petierunt
586 613 850 666 instanter
873 614 1054 666 locum
1078 615 1233 667 illum
1257 623 1320 668 ut
1346 615 1638 668 oratorium
1662 613 1739 666 ibi
1781 614 2033 665 facerent.
2108 613 2299 664 Laetus

288 698 452 767 igitur
477 698 782 768 episcopuS,
807 708 871 751 ut
895 700 1119 752 visionis
1147 719 1259 753 suae
1284 701 1494 753 felicem
1518 700 1709 753 videns
1748 698 1971 763 exitum,
1998 697 2296 750 secundum

288 783 532 852 ipsorum
560 784 823 835 rationem
849 784 925 836 eis
953 785 1019 837 de
1044 785 1262 854 proprio
1289 785 1447 838 cellas
1473 791 1529 836 et
1554 782 1832 836 ecclesiam
1858 782 2111 847 extruxit,
2131 789 2187 834 et
2202 800 2295 835 eos

290 887 414 920 cum
438 868 908 921 benedictionibus
932 869 1251 922 introduxit.
1327 870 1433 921 Est
1458 876 1639 920 autem
1679 886 1838 920 mons
1882 868 2195 932 altissimUS‚
2239 875 2296 921 et

287 953 346 1006 in
371 955 550 1006 medio
577 954 868 1006 cacuminis
906 954 1178 1023 profunda
1201 953 1354 1006 vallis
1398 960 1454 1007 et
1496 953 1692 1022 ampla,
1736 953 1930 1006 sterilis
1975 961 2030 1006 et
2071 952 2293 1018 inculta,

288 1039 531 1091 fontibus
557 1047 738 1091 tamen
764 1038 996 1091 abunda.
1047 1038 1359 1090 Tresdecim
1382 1037 1587 1089 habent
1612 1037 1880 1102 cellula8‚*
1914 1037 1968 1091 in
1993 1056 2103 1089 una
2126 1037 2292 1107 prior,

286 1124 344 1176 in
370 1124 486 1176 aliis
514 1123 736 1192 singulis
763 1122 959 1192 singuli
983 1123 1192 1175 fratres,
1270 1123 1474 1175 Panem
1499 1121 1576 1175 eis
1619 1121 1767 1190 prior
1808 1122 1866 1174 in
1911 1121 2146 1175 Sabbato
2190 1123 2293 1175 mi-

284 1210 480 1261 nistrat
505 1209 572 1260 ad
597 1216 770 1260 totam
793 1207 1207 1272 hebdomadam,
1230 1208 1482 1278 legumen
1508 1214 1564 1260 et
1601 1207 1721 1259 olus
1740 1229 1756 1274 3
1800 1207 1973 1261 tribus
2001 1207 2191 1260 diebus
2234 1208 2293 1262 in

285 1294 586 1364 septimana
622 1312 762 1363 pane
799 1300 1014 1346 tantum
1063 1294 1307 1347 contenti
1331 1301 1461 1346 sunt
1497 1300 1553 1346 et
1594 1312 1748 1363 aqua.
1823 1294 1954 1345 Non
1998 1293 2293 1345 comedunt

285 1398 470 1433 carnes
515 1379 620 1431 nisi
643 1379 877 1444 infirmi3
917 1397 1028 1431 non
1072 1387 1262 1431 emunt
1297 1379 1493 1449 pisceS,
1534 1397 1635 1431 nec
1678 1378 1988 1443 comedunt,
2031 1378 2137 1429 nisi
2182 1378 2294 1429 dati

283 1465 484 1517 fuerint
510 1464 586 1516 eis
612 1464 757 1516 unde
782 1463 962 1532 possit
1005 1463 1258 1515 omnibus
1305 1463 1589 1527 distribui3
1629 1482 1842 1533 semper
1882 1464 2060 1516 induti
2099 1462 2291 1526 cilicio,

286 1567 499 1619 semper
523 1549 702 1612 cincti,
730 1566 941 1617 semper
967 1556 1123 1600 orant
1147 1549 1234 1601 vel
1268 1549 1472 1618 legunt.
1548 1550 1727 1601 Nemo
1772 1548 1878 1600 nisi
1916 1548 2063 1617 prior
2102 1547 2291 1599 cellam

283 1643 513 1705 utroque
537 1634 676 1704 pede
701 1641 884 1703 potest
909 1634 1088 1703 egredi
1106 1655 1122 1699 3
1161 1634 1327 1703 priori
1363 1634 1506 1699 licet,
1548 1652 1648 1704 pro
1692 1633 1975 1687 visitandis
2019 1632 2290 1684 fratribus,

283 1720 495 1774 Diebus
545 1719 697 1771 festis
746 1719 803 1770 in
848 1718 1071 1771 ecclesia
1115 1718 1465 1783 conveniunt,
1512 1718 1737 1770 missam
1784 1737 1899 1771 non
1948 1717 2145 1771 cotidie
2196 1717 2293 1771 sed

283 1806 441 1859 certis
468 1804 657 1857 diebus
684 1804 928 1856 audiunt.
1006 1803 1105 1855 Hii
1129 1821 1241 1855 non
1266 1803 1591 1856 insidiantur
1613 1803 1823 1868 viciniS‚
1866 1822 1979 1856 non
2024 1803 2293 1868 cavillant,

280 1910 393 1945 non
417 1891 671 1961 rapiunt3
710 1909 823 1943 non
848 1889 1148 1959 ingreditur
1172 1890 1241 1941 ad
1266 1907 1359 1942 eos
1385 1889 1585 1942 femina
1604 1910 1620 1954 3
1658 1907 1770 1941 non
1797 1889 2079 1959 egrediunt
2097 1889 2166 1940 ad
2183 1906 2290 1942 eas·

281 1978 372 2031 Ad
391 1977 710 2048 petitionem
731 1976 1012 2047 cujusdam
1031 1975 1132 2028 viri
1151 1975 1391 2046 potentis
1408 1976 1466 2028 in
1490 1974 1734 2029 terminis
1755 1976 2100 2046 episcopatus
2122 1974 2294 2028 sancti

337 2142 363 2169 *
391 2144 479 2183 The
498 2144 707 2194 following
726 2147 902 2183 account
921 2144 968 2183 of
993 2144 1064 2183 the
1084 2143 1204 2183 mode
1217 2144 1265 2183 of
1315 2144 1454 2183 culum
1476 2144 1707 2183 Stultorum
1721 2143 1769 2183 of
1777 2142 1967 2194 Nigellus
1981 2142 2188 2191 Wireker‚
2209 2142 2292 2182 will

281 2211 353 2251 life
374 2211 420 2250 of
434 2212 504 2251 the
525 2212 804 2260 Carthusians,
826 2213 946 2263 given
976 2213 1020 2251 in
1052 2212 1123 2251 the
1158 2211 1258 2262 Spe·
1314 2212 1359 2251 in
1379 2225 1492 2251 some
1511 2213 1650 2264 points
1670 2212 1875 2251 illustrate
1895 2223 1972 2251 our
1991 2215 2080 2251 text
2097 2226 2106 2251 ι

668 2307 696 2326 “
720 2305 831 2347 Quid
851 2305 886 2344 si
905 2304 1167 2345 Carthusiam
1185 2318 1252 2344 me
1271 2306 1546 2345 convertendo
1561 2311 1755 2354 revertar,

774 2372 955 2411 Pellibus
975 2375 1016 2410 et
1033 2370 1184 2409 tunicis
1204 2370 1391 2421 pluribus
1410 2374 1503 2409 utar
1522 2371 1610 2409 ibi?

722 2437 835 2477 Cella
854 2439 957 2477 mihi
977 2438 1140 2476 dabitur
1159 2450 1280 2489 quam
1300 2438 1429 2476 solam
1449 2438 1561 2476 solus
1580 2437 1756 2484 habebo,

779 2506 915 2544 Nemo
934 2505 1038 2544 mihi
1055 2505 1208 2554 socius,
1229 2517 1350 2543 nemo
1369 2505 1554 2543 minister
1573 2505 1668 2543 erit.

722 2573 843 2612 Solus
863 2574 971 2612 enim
990 2572 1177 2624 psallam,
1200 2573 1393 2623 solusque
1413 2571 1564 2610 cibaria
1583 2583 1756 2617 sumam,

775 2638 832 2676 Et
852 2638 939 2678 sine
957 2639 1048 2679 luce
1067 2653 1204 2679 meum
1224 2640 1334 2679 solus
1354 2640 1474 2678 adibo
1493 2643 1646 2678 torum.

718 2706 888 2756 Semper
906 2706 1018 2745 solus
1037 2719 1122 2754 ero,
1145 2707 1247 2746 cella
1265 2707 1468 2746 retinente
1487 2706 1729 2752 trimembri,

772 2773 824 2811 In
845 2787 926 2825 qua
945 2774 1140 2813 continue
1159 2787 1232 2826 pes
1260 2785 1376 2814 meus
1396 2774 1499 2813 alter
1518 2774 1612 2813 erit.

723 2839 893 2889 Semper
911 2843 1034 2878 erunt
1052 2843 1219 2890 praesto,
1240 2839 1452 2890 pulmento
1473 2838 1743 2886 conficiendo,

770 2905 822 2943 In
843 2905 945 2943 cella
962 2905 1128 2956 propria
1145 2905 1270 2956 ligna,
1291 2905 1497 2956 legumen,
1519 2917 1638 2957 aqua.

715 2971 740 2995 a*
904 2971 930 2996 εκ
1093 2972 1120 3001 ,ιι
1286 2972 1311 2996 ιιι
1474 2972 1499 2997 *ε
1662 2971 1688 2995 a*

719 3038 914 3084 Qualibet
930 3038 1186 3082 hebdomada
1200 3043 1264 3079 ter
1280 3052 1386 3091 pane
1406 3039 1595 3078 cibantur
1614 3042 1655 3077 et
1674 3038 1799 3082 unda,

775 3108 875 3147 Non
894 3108 1115 3148 comedunt
1134 3122 1276 3149 carnes
1296 3111 1350 3149 sit
1368 3110 1449 3149 nisi
1467 3110 1571 3149 festa
1592 3109 1692 3148 dies.

714 3176 772 3215 Et
791 3175 917 3214 semel
935 3175 978 3212 in
1000 3188 1141 3215 mense
1160 3177 1225 3215 vel
1243 3176 1305 3215 bis
1326 3177 1375 3216 de
1385 3177 1478 3227 jure
1495 3176 1635 3216 venire

770 3243 836 3286 Ad
855 3243 1019 3283 missam
1038 3248 1249 3296 poterunt,
1271 3246 1306 3286 si
1325 3249 1453 3296 vacat,
1474 3249 1598 3298 atque
1616 3244 1809 3285 volunt.”
