2638 3860
341 406 373 450 6
964 442 967 445 ,
1054 405 1362 442 GUALTERI
1402 403 1602 439 MAPEs
2037 393 2231 444 [Distinc.
2255 391 2292 432 1.

339 558 634 612 poenarum.
709 536 816 589 Hic
851 541 1029 587 tamen
1080 530 1268 583 dubito
1323 547 1391 580 an
1441 545 1557 579 eam
1594 530 1737 577 recte
1787 517 2120 571 diffinierim:
2170 517 2322 569 locus

339 633 519 677 tamen
541 622 751 676 videtur
787 636 921 683 esse,
963 633 1061 668 nec
1085 631 1208 683 ergo
1234 612 1506 674 infernus;
1550 608 1661 660 imo
1688 611 1830 658 certe
1855 603 2109 673 quicquid
2133 602 2324 671 aliquis

339 709 426 761 vel
453 707 638 776 aliquae
655 705 712 756 in
738 721 795 755 se
819 700 1074 764 continet,
1116 698 1264 750 locus
1302 694 1403 746 dici
1424 699 1621 762 potest.
1696 689 1780 742 Sit
1803 706 1929 758 ergo
1954 688 2105 740 locus
2124 708 2140 751 3
2177 687 2327 740 vide-

340 811 492 846 amus
517 792 563 844 si
586 787 808 860 poenalis
834 786 950 856 quis
969 783 1046 837 ibi
1070 782 1352 846 cruciatuS,
1379 777 1470 849 qui
1495 794 1605 830 non
1632 775 1703 828 sit
1724 775 1814 827 hic
1832 772 2238 841 multiplicatus.

1046 950 1134 1001 De
1164 946 1400 1000 Tantalo.
1474 944 1599 1013 [iii.]

411 1063 560 1116 Num
583 1061 658 1114 ibi
680 1060 856 1131 legisti
883 1058 1166 1111 Tantalum
1184 1056 1440 1126 fugientia
1465 1062 1768 1125 captantem
1789 1073 1819 1106 a
1843 1053 2004 1106 labris
2031 1051 2254 1104 flumina
2270 1052 2327 1104 ἒ*

344 1147 452 1200 Hic
474 1146 672 1198 multos
696 1145 846 1198 vides
870 1143 1014 1195 bona
1053 1142 1199 1195 sitire
1236 1142 1497 1211 proxima,
1538 1159 1655 1211 quae
1689 1159 1801 1193 non
1828 1145 2248 1208 consequuntur,
2275 1145 2331 1190 et

341 1228 541 1281 similes
564 1225 930 1280 haurientibus
955 1225 1012 1299 in
1036 1224 1458 1295 apprehensione
1483 1224 1613 1278 falli.

1071 1382 1159 1432 De
1186 1383 1429 1449 Sisypho·
1501 1379 1596 1433 iiii.

419 1491 680 1561 Sisyphus
704 1489 779 1542 ibi
805 1507 990 1542 saxum
1016 1489 1081 1542 ab
1125 1490 1235 1542 imo
1273 1490 1425 1543 vallis
1466 1491 1534 1542 ad
1575 1488 1816 1560 praecelsi
1856 1486 2057 1539 montis
2084 1492 2334 1557 apportat

343 1576 613 1640 verticem,
651 1575 794 1644 quod
826 1575 1091 1644 relapsum
1117 1575 1449 1644 relapsurum
1475 1595 1506 1627 a
1534 1565 1666 1628 valle
1690 1570 1913 1628 revehit.
1990 1571 2131 1623 Sunt
2155 1579 2210 1623 et
2244 1571 2334 1624 hic

346 1657 501 1710 multi
532 1657 623 1725 qui
647 1663 885 1709 montem
918 1655 1123 1708 ascensi
1144 1656 1446 1708 divitiarum
1468 1657 1543 1708 nil
1559 1664 1739 1709 actum
1757 1662 1971 1726 putant,
1992 1663 2046 1708 et
2060 1655 2332 1725 relapsum

342 1742 398 1794 in
432 1739 660 1794 avaritiae
691 1742 883 1794 vallem
919 1741 1157 1793 animum
1188 1759 1433 1795 revocare
1467 1750 1728 1795 conantur
1767 1742 1835 1794 ad
1874 1749 2118 1794 montem
2155 1742 2330 1794 adhuc

346 1826 668 1890 ulteriorem,
695 1843 798 1894 quo
820 1826 1032 1895 quidem
1064 1826 1355 1879 consistere
1380 1846 1490 1879 non
1509 1836 1707 1897 potest,
1728 1828 1851 1897 quia
1877 1827 2334 1895 contemplatione

347 1907 648 1976 cupitorum
663 1907 925 1959 vilescunt
941 1907 1149 1976 adepta.
1172 1908 1280 1960 Cor
1293 1908 1425 1961 illud
1439 1909 1576 1962 bene
1594 1919 1931 1980 comparatur
1949 1930 2077 1964 saxo
2097 1911 2335 1983 Sisyphi,

348 1992 471 2061 quia
496 1992 751 2060 scriptum
776 1996 910 2056 est,†
935 1993 1143 2045 Tollam
1169 2011 1259 2046 cor
1291 1994 1579 2064 lapideum,
1613 2003 1669 2048 et
1705 1996 1844 2049 dabo
1879 2013 2147 2048 carneum.
2224 1996 2338 2048 Det

351 2075 617 2128 Dominus
657 2093 746 2128 cor
771 2076 1054 2128 curialibus
1097 2095 1365 2144 carneum,
1407 2086 1470 2131 ut
1510 2079 1568 2131 in
1606 2081 1781 2150 aliquo
1809 2080 2076 2133 montium
2110 2098 2337 2151 pausare

350 2156 542 2226 possit,
568 2155 670 2208 sibi
695 2174 835 2226 saepe
862 2157 1116 2210 dissimile
1143 2177 1320 2229 super,
1347 2160 1549 2228 subtra,
1574 2163 1729 2227 ultra,
1759 2163 1908 2220 citra.

1112 2328 1194 2378 De
1225 2327 1426 2381 Ioeione.
1499 2350 1551 2384 v.

423 2432 579 2485 Ixion
604 2433 679 2485 ibi
703 2435 934 2488 volvitur
971 2437 1027 2488 in
1066 2446 1198 2491 rota.
1273 2441 1390 2494 Nec
1433 2443 1520 2496 hic
1546 2445 1743 2500 desunt
1787 2449 2025 2515 IxioneS,
2066 2469 2200 2521 quos
2243 2469 2341 2505 vo-

348 2516 581 2569 lubilitas
618 2525 831 2587 torquet
867 2521 1115 2576 fortunae.
1186 2524 1506 2603 Ascendunt
1544 2530 1612 2581 ad
1650 2532 1893 2601 gloriam,
1933 2543 2100 2586 ruunt
2142 2536 2199 2587 in
2238 2536 2342 2587 mi-

352 2603 557 2667 seriam,
624 2611 941 2673 sperantque
1000 2606 1207 2675 dejecti,
1266 2629 1365 2663 nec
1423 2613 1524 2666 erit
1580 2616 1689 2668 ulla
1746 2619 1860 2670 dies
1912 2637 2016 2688 qua
2071 2638 2182 2672 non
2224 2621 2342 2673 haec

351 2686 610 2739 revolutio
635 2687 761 2751 fiat3
799 2696 853 2740 et
878 2708 1000 2742 cum
1026 2691 1096 2743 sit
1121 2693 1356 2763 undique
1399 2697 1701 2752 timendum
1726 2701 1783 2753 in
1822 2710 1957 2767 rota,
1990 2704 2171 2755 nullus
2197 2703 2254 2755 in
2281 2723 2343 2757 ea

355 2771 468 2822 sine
506 2789 599 2838 spe
642 2790 793 2823 casus
820 2781 918 2836 est,
943 2781 1057 2825 tota
1092 2777 1397 2831 terribiliter
1438 2782 1639 2849 horret,
1682 2793 1798 2839 tota
1841 2795 2029 2841 contra
2066 2797 2343 2855 constanS,

354 2873 453 2908 nec
477 2855 653 2907 minus
679 2856 802 2908 inde
827 2858 1037 2926 proficit
1062 2860 1358 2917 alliciendo,

672 3024 697 3050 *
728 3028 755 3048 “
777 3027 971 3067 Tantalus
991 3042 1013 3068 a
1030 3030 1152 3071 labris
1172 3032 1314 3073 sitiens
1332 3035 1530 3087 fugientia
1548 3044 1686 3092 captat

780 3094 1015 3135 Flumina.’'
1665 3108 1812 3148 Horat.
1840 3111 1912 3150 lib.
1934 3111 1963 3150 i.
1988 3112 2073 3152 Sat.
2095 3113 2124 3152 i.
2147 3113 2216 3152 68.

408 3169 436 3215 †
463 3169 610 3210 Ezech.
639 3173 693 3211 xi.
731 3177 793 3216 19.
853 3179 880 3197 ‘⁴
896 3177 953 3215 Et
989 3178 1093 3217 dabo
1141 3180 1198 3219 eis
1244 3194 1313 3220 cor
1368 3185 1487 3223 deum
1507 3186 1557 3226 de
1577 3192 1697 3229 carne
1717 3201 1871 3242 eorum,
1893 3196 1935 3231 et
1956 3192 2060 3233 dabo
2081 3193 2139 3233 eis
2159 3205 2231 3233 eor
2250 3206 2339 3234 car-

358 3247 497 3281 unum‚
544 3241 584 3276 et
629 3240 815 3290 spiritum
858 3256 1008 3284 novum
1047 3246 1222 3286 tribuam
1268 3250 1312 3288 in
1366 3255 1535 3294 neum.'’

360 3301 578 3344 visceribus
615 3318 779 3347 eorum:
811 3315 850 3348 et
881 3312 1060 3352 auferam
1099 3327 1168 3354 cor
1205 3316 1310 3368 lapi-
