2638 3860
289 346 391 398 cap.
413 347 500 397 xv.]
900 346 977 380 DE
1021 347 1204 382 NUGIs
1246 347 1622 382 comAmUM.
2174 336 2274 383 183

260 472 474 541 ipsum3
513 472 659 542 quod
697 491 834 524 uxor
877 472 1036 524 Alani
1074 473 1377 539 advertenS,
1415 481 1683 526 nocturno
1732 472 1915 543 ipsum
1959 473 2278 527 conficiebat

261 558 470 610 tediosa
497 577 714 610 susurro
744 559 895 628 quasi
923 559 1164 611 desidem
1204 571 1259 612 et
1296 560 1568 625 timidum,
1610 560 1702 630 qui
1745 578 2067 630 quocunque
2111 562 2275 613 modo

261 662 373 695 non
413 644 682 713 adegisset
724 645 811 696 vel
859 644 1027 695 vitam
1079 645 1196 714 ejus
1240 645 1326 697 vel
1375 645 1537 715 plena
1579 645 1814 698 servitia.
1906 646 2011 698 Cui
2055 648 2277 699 tandem

263 729 488 794 AlanuS,
517 734 550 758 ‘⁶
575 729 750 781 Facile
778 729 906 781 satis
934 737 1018 781 est
1043 730 1224 800 ipsum
1264 731 1330 783 de
1363 731 1542 783 medio
1580 732 1775 797 delere,
1816 733 1911 785 sed
1950 733 2088 785 duos
2115 733 2279 786 habet

262 815 421 879 filios,
472 816 766 885 Wiganum
831 824 885 867 et
941 816 1301 881 Clodoanum,
1363 817 1497 869 facie
1562 818 1783 883 simileS,
1822 818 2067 871 moribus
2117 820 2276 890 longe

263 900 529 970 impares;
571 902 884 954 Clodoanus
906 902 1050 954 enim
1077 902 1216 955 bene
1241 903 1485 955 literatus
1513 912 1596 956 est
1623 912 1678 956 et
1703 905 1959 974 prudenS,
1999 906 2092 958 sed
2120 907 2280 976 dege-

264 988 473 1040 neravit
498 988 554 1039 in
583 988 828 1051 mimum,
867 997 930 1040 ut
955 996 1104 1040 totus
1138 988 1195 1040 in
1220 989 1452 1059 rythmis
1479 997 1535 1042 et
1560 990 1798 1042 ridiculis
1825 999 2118 1061 occupetur
2142 1000 2196 1044 et
2220 993 2278 1044 in

264 1073 329 1124 iis
372 1073 511 1124 ultra
551 1072 773 1124 solitum
798 1072 1006 1141 vigeat;
1060 1073 1327 1142 Wiganus
1373 1081 1557 1126 autem
1601 1092 1858 1143 procerus
1885 1084 1985 1140 est,
2026 1084 2081 1128 et
2116 1096 2279 1147 super

267 1177 456 1210 omnes
495 1176 630 1228 quos
658 1176 756 1227 ego
784 1158 1011 1210 viderim
1051 1158 1301 1211 homines
1345 1160 1617 1212 formosus
1645 1169 1700 1212 et
1727 1161 1959 1230 sapienS,
1998 1162 2278 1216 scientiam

264 1245 426 1297 etiam
454 1262 726 1297 armorum
772 1253 827 1296 et
871 1244 1199 1314 probitatem
1244 1244 1451 1297 habens
1496 1253 1608 1297 tam
1653 1246 1972 1316 elegantem,
2015 1256 2078 1301 ut
2108 1249 2276 1318 magis

262 1331 472 1382 Achille
500 1331 671 1400 major
696 1330 783 1382 vel
829 1331 1063 1382 Hectore
1101 1330 1374 1399 judicetur
1418 1349 1580 1400 quam
1618 1350 1716 1401 par
1756 1332 2015 1385 alterutri.
2093 1334 2277 1404 Hujus

264 1426 445 1470 autem
469 1418 731 1487 sapientia
747 1436 1025 1486 nunquam
1054 1417 1214 1468 simul
1243 1425 1445 1469 exeunt
1471 1426 1668 1470 terram
1706 1437 1860 1470 suam
1885 1428 2039 1488 pater
2064 1428 2118 1472 et
2142 1421 2278 1491 ipse,

264 1523 332 1556 ne
373 1504 533 1555 simul
570 1503 785 1573 possint
809 1503 1111 1572 intercipi.''
1205 1504 1347 1555 Tum
1392 1504 1499 1568 illa,
1540 1507 1575 1533 “
1602 1505 2058 1575 Quandoquidem
2102 1507 2178 1559 ita
2220 1526 2277 1560 se

265 1590 429 1641 habet
456 1597 630 1641 status
681 1608 887 1653 eorum,
931 1607 999 1641 ne
1042 1588 1200 1640 nobis
1243 1590 1483 1641 extincto
1515 1598 1667 1659 patre
1695 1591 1878 1643 durior
1908 1592 1979 1644 sit
2003 1592 2277 1646 infestatio

264 1675 379 1740 filii,
408 1675 722 1726 studeamus
749 1676 932 1743 ipsum
970 1674 1178 1726 auferre
1224 1674 1290 1726 de
1336 1675 1535 1739 medio,
1575 1675 1621 1726 si
1665 1694 1776 1728 non
1815 1684 2136 1747 utrumque3
2195 1680 2279 1732 fac

265 1768 418 1830 pater
443 1761 680 1812 veniat.”
757 1761 856 1811 Ille
907 1760 1115 1823 annuit,
1161 1768 1216 1812 et
1260 1778 1383 1813 ecce
1437 1761 1771 1827 RemelinuS,
1818 1781 1979 1832 quem
2023 1763 2142 1832 ipsa
2166 1764 2281 1817 veri

267 1846 566 1898 simulatrix
594 1845 791 1897 amoris
818 1845 958 1897 veris
986 1853 1142 1897 ornat
1168 1854 1224 1898 et
1259 1865 1450 1899 omnes
1489 1866 1616 1900 suos
1643 1847 1943 1900 honoribus
1972 1848 2087 1901 sine
2115 1850 2281 1902 simu-

266 1933 466 1985 latione
494 1931 764 1984 munifica.
834 1932 1038 1984 Onusti
1081 1933 1380 2001 repatriant
1425 1933 1583 1985 donis
1623 1933 1799 1986 aureis
1838 1942 1894 1986 et
1919 1937 2186 2004 argenteis
2225 1943 2280 1989 et

265 2019 501 2072 vestium
528 2018 852 2082 mutatoriiS,
881 2037 1016 2087 quos
1043 2027 1106 2070 ut
1131 2019 1320 2071 vident
1356 2020 1674 2089 perspicuos
1702 2028 1758 2072 et
1783 2020 2065 2073 redimitos
2105 2023 2281 2075 consi-

265 2105 401 2156 liarii
416 2104 651 2173 Wigani,
669 2104 916 2156 conversi
934 2112 1062 2155 sunt
1076 2104 1132 2155 in
1152 2104 1443 2168 sinistram,
1460 2113 1515 2156 et
1533 2123 1588 2156 se
1608 2104 1802 2156 similia
1818 2106 2117 2174 perdidisse
2134 2109 2281 2177 quod

265 2210 377 2242 non
404 2189 656 2241 affuerint
681 2197 996 2258 queruntur.
1074 2189 1229 2242 Quos
1272 2188 1402 2239 dum
1447 2189 1669 2240 avaritia
1696 2197 2017 2259 contorquet
2041 2200 2097 2243 et
2123 2194 2282 2247 deco-

267 2277 402 2346 quit,
437 2294 558 2328 ecce
598 2274 829 2327 nuncius
856 2275 1034 2339 Alani,
1073 2274 1155 2326 vir
1198 2293 1426 2343 magnus
1478 2282 1533 2326 et
1583 2275 1648 2325 ad
1695 2276 1939 2327 fraudem
1975 2277 2277 2332 instructus

269 2361 494 2431 egregie,
513 2379 636 2413 cum
664 2360 813 2412 omni
839 2360 977 2429 petit
992 2358 1251 2411 instantia
1271 2359 1525 2427 quatinus
1552 2360 1620 2410 ad
1635 2359 2112 2413 Alanumvveniant
2126 2372 2281 2432 pater

268 2458 324 2501 et
359 2448 520 2511 filius,
563 2454 618 2499 et
664 2447 709 2498 si
752 2465 864 2498 non
909 2453 1153 2515 uterque,
1191 2445 1333 2496 filius
1361 2446 1452 2514 qui
1478 2464 1590 2497 non
1617 2446 1843 2498 affuerat
1869 2448 2083 2516 quando
2110 2457 2283 2517 pater.

272 2535 454 2587 Primo
483 2532 736 2584 dubitant
762 2540 816 2584 et
844 2531 1215 2595 consiliantur,
1261 2539 1316 2583 et
1359 2531 1426 2582 ab
1472 2531 1754 2601 utriusque
1797 2532 2037 2602 loquitur
2061 2536 2283 2589 avaritia

270 2620 511 2673 consilio.
610 2618 691 2671 Ut
733 2618 896 2669 simul
935 2617 1157 2670 domino
1199 2635 1297 2669 suo
1336 2616 1569 2669 fideliter
1603 2618 1775 2669 assint
1801 2636 2078 2687 nunquam
2122 2621 2283 2674 haesi-

270 2707 499 2758 tandum
525 2705 693 2769 aiunt,
730 2703 825 2755 ubi
871 2704 1030 2774 plane
1057 2703 1404 2755 manifestum
1431 2703 1620 2756 vident
1645 2722 1882 2757 amorem
1926 2705 1981 2756 in
2027 2707 2284 2760 omnibus

272 2792 592 2856 exhibitum,
643 2800 698 2843 et
753 2791 958 2842 nullam
1005 2789 1227 2842 subesse
1280 2790 1391 2842 doli
1441 2790 1761 2843 machinam.
1842 2792 2047 2843 Horret
2095 2800 2279 2847 tamen

271 2879 537 2947 Wiganus
582 2887 637 2930 et
679 2878 868 2942 haeret,
910 2876 1162 2946 domique
1188 2876 1408 2940 residet,
1453 2885 1640 2928 contra
1672 2895 1894 2929 suorum
1937 2879 2278 2942 sententiam,

273 2984 392 3017 cum
422 2983 608 3016 eorum
635 2982 746 3016 non
775 2963 987 3015 modico
1016 2980 1310 3015 murmure.
1385 2962 1570 3014 Cassae
1596 2963 1900 3015 timiditatis
1929 2964 2169 3033 arguitur
2208 2965 2281 3018 ab

272 3050 349 3102 eis
389 3050 526 3102 clam
568 3058 623 3101 et
662 3048 1019 3111 mentiuntur,
1064 3046 1188 3116 quia
1229 3053 1417 3099 contra
1460 3065 1643 3098 veram
1688 3048 1957 3100 mensium
1997 3048 2278 3103 scientiam

274 3134 577 3203 objurgant,
607 3132 768 3184 vilem
797 3139 852 3184 et
877 3131 1121 3200 ignarum
1150 3129 1414 3193 derident,
1442 3148 1602 3199 quem
1630 3130 1789 3200 digne
1815 3131 2036 3183 charum
2064 3143 2120 3185 et
2151 3134 2280 3188 irre-

273 3219 691 3289 prehensibilem
721 3217 914 3270 sciunt.
991 3218 1070 3268 At
1102 3216 1159 3267 in
1198 3215 1375 3268 reditu
1403 3216 1689 3280 Remelini,
1716 3235 1839 3268 cum
1878 3235 1984 3286 quo
2010 3230 2187 3272 vestes
2226 3229 2282 3274 et

273 3324 482 3370 aurum,
521 3304 644 3375 equi
683 3312 738 3356 et
775 3303 1027 3373 phalerae,
1076 3301 1238 3353 Alani
1286 3301 1555 3371 praeconia
1580 3302 1765 3355 laudes
1795 3303 1992 3371 reginae
2036 3305 2280 3371 veniunt,
