2638 3860
278 352 379 403 Cap.
402 351 488 400 xv.]
905 354 981 386 DE
1025 353 1206 388 Nuets
1249 352 1621 388 CURIALIUM.
2163 340 2260 386 185

250 491 508 543 mandant
549 492 795 558 nunciOS,
834 500 889 545 et
927 493 1259 546 obtinentur.
1338 493 1500 547 Unde
1540 494 1677 545 flens
1720 492 2051 557 ClodoanuS,
2090 499 2145 543 et
2182 491 2258 543 eis

250 579 388 629 mala
408 580 733 649 praesagiens
753 599 783 631 a
800 580 959 632 fratre
982 599 1097 646 suo,
1119 580 1303 632 multis
1321 580 1488 650 adigit
1501 579 1789 650 lachrymis
1808 579 2061 650 quatinus
2078 579 2259 648 ipsum

249 683 373 716 cum
401 674 550 734 patre
584 685 681 718 suo
716 675 1007 736 permutat,
1049 685 1172 719 cum
1200 668 1270 719 sit
1307 667 1356 719 ei
1384 667 1707 729 simillimus,
1735 674 1789 719 et
1823 666 2062 735 deceptis
2089 665 2261 717 hosti-

247 750 349 802 bus
391 752 566 821 possit
598 752 716 822 ipse
745 740 1057 805 Clodoaiius
1099 771 1197 822 pro
1232 755 1393 806 fratre
1417 753 1616 806 leviore
1650 753 1859 822 jactura
1895 751 2085 821 perire.
2163 751 2258 803 Se-

249 855 419 906 quens
447 846 626 890 autem
655 858 685 890 a
711 839 869 909 longe
903 839 1187 909 Wiganum,
1223 840 1265 892 si
1304 840 1718 910 prosperitatem
1749 838 1956 891 videret
1992 838 2173 902 intret,
2214 837 2260 888 si

247 924 490 976 fraudem
518 925 716 993 paratis
757 925 861 977 sibi
899 927 1051 996 equis
1094 927 1317 996 singulis
1361 927 1415 978 in
1464 925 1686 994 singulis
1725 924 1963 977 millibus
1992 942 2163 994 usque
2191 924 2259 975 ad

249 1010 464 1078 propria
502 1018 753 1062 recurrat.
831 1010 1098 1080 Ingressis
1139 1011 1301 1081 igitur
1340 1011 1622 1063 Remelino
1662 1019 1716 1063 et
1751 1011 2048 1074 Clodoan0,
2086 1016 2260 1079 portae-

248 1095 572 1148 clauduntur
614 1095 812 1160 subit0,
851 1097 1151 1165 rapiuntur,
1197 1096 1418 1149 orbatus
1462 1106 1546 1150 est
1584 1097 1900 1149 Remelinus
1939 1096 2166 1165 geminis
2205 1102 2260 1146 et

247 1182 468 1234 lumine.
547 1182 858 1234 Clodoanus
886 1201 1086 1235 nomen
1114 1202 1274 1235 suum
1301 1185 1580 1236 confessus
1602 1184 1797 1236 evadit.
1866 1184 2073 1235 Videns
2098 1182 2260 1252 igitur

248 1268 430 1337 regina
463 1269 757 1339 Wiganum
800 1270 1081 1322 exclusum
1117 1290 1148 1322 a
1187 1278 1379 1335 morte,
1423 1271 1671 1323 hortatur
1705 1278 1760 1323 et
1800 1271 2001 1323 emittit
2041 1270 2256 1328 militeS,

248 1372 425 1406 coram
472 1354 549 1406 eis
591 1361 860 1424 prostrata
903 1362 1154 1423 precatur
1197 1363 1260 1406 ut
1303 1365 1634 1425 properent,
1667 1356 1849 1409 omnia
1889 1356 2036 1420 dicit,
2079 1354 2260 1407 omnia

250 1440 485 1509 spondet
501 1461 515 1504 3
562 1448 759 1492 eruunt
786 1459 859 1505 se,
886 1449 1194 1510 properant,
1221 1450 1283 1493 ut
1306 1442 1632 1494 interficiant
1665 1442 1978 1495 innocuum.
2058 1441 2133 1493 At
2153 1441 2259 1504 ille,

249 1526 486 1595 quinque
518 1526 632 1594 jam
671 1526 892 1577 mutatis
920 1527 1088 1595 equiS,
1117 1535 1269 1578 sexto
1298 1545 1406 1579 non
1434 1527 1675 1592 invento,
1707 1528 2000 1597 (negligens
2032 1527 2176 1579 enim
2203 1534 2258 1577 et

249 1612 404 1664 deses
423 1630 608 1664 servus
636 1611 727 1681 qui
754 1630 952 1681 equum
978 1611 1054 1663 ibi
1081 1620 1343 1677 tenuerat,
1372 1613 1593 1666 domino
1622 1632 1720 1665 suo
1746 1614 1882 1665 nihil
1907 1613 2110 1665 sinistri
2135 1630 2259 1682 pro-

249 1699 499 1767 phetans,
537 1699 605 1750 ad
646 1698 824 1750 >vicum
878 1699 1187 1768 proximum
1229 1707 1292 1751 ut
1331 1700 1637 1753 comederet
1677 1700 2015 1767 abcesserat,)
2060 1699 2259 1751 timens

249 1783 514 1852 Wiganus
555 1783 631 1834 illi
657 1783 846 1852 quinto
873 1784 1094 1836 calcaria
1121 1783 1322 1849 subdit,
1358 1785 1445 1836 cui
1485 1792 1796 1855 pepercerat
1835 1803 1930 1854 spe
1969 1784 2125 1848 sexti,
2152 1802 2258 1853 quo

248 1870 547 1921 lacescente
596 1867 734 1920 circa
773 1869 1056 1938 cujusdam
1096 1870 1331 1921 nemoris
1371 1867 1620 1936 confinia,
1672 1871 1740 1922 ad
1782 1870 2057 1924 foeminam
2098 1888 2260 1939 quam

249 1964 373 2008 ante
401 1956 623 2007 domum
652 1973 804 2006 suam
845 1955 993 2007 filare
1026 1955 1165 2007 vidit
1204 1955 1435 2008 festinus
1477 1956 1712 2009 divertit.
1790 1957 1991 2008 Casum
2023 1955 2072 2008 ei
2110 1964 2165 2008 et
2204 1973 2260 2008 se

247 2041 429 2111 ipsum
455 2041 674 2105 revelat,
713 2049 768 2092 et
806 2041 1078 2111 promittit
1118 2042 1248 2111 quid
1274 2042 1421 2094 libet.
1501 2043 1602 2094 Illa
1638 2043 1802 2113 igitur
1825 2042 1996 2094 filium
2025 2060 2185 2094 suum
2212 2041 2261 2093 ei

249 2127 402 2179 cunis
428 2126 485 2178 in
530 2127 692 2178 domo
730 2127 1119 2179 involvendum
1157 2128 1338 2193 tradit,
1379 2137 1434 2181 et
1478 2129 1656 2198 aliquo
1694 2129 1982 2182 levandum
2027 2148 2096 2181 ne
2134 2128 2260 2180 fleat

251 2212 461 2276 solatio,
498 2212 629 2263 dum
655 2212 782 2263 illav
807 2212 1049 2264 enientes
1087 2212 1293 2265 illudat.
1371 2213 1730 2282 Obtemperat
1772 2214 1861 2265 ille
1881 2234 1896 2279 3
1936 2213 2258 2282 perveniunt

248 2300 316 2351 ad
342 2318 459 2351 eam
486 2299 712 2368 equiteS,
739 2306 794 2350 et
818 2298 936 2367 ipsa
963 2298 1119 2350 citius
1146 2299 1328 2351 audita
1354 2318 1462 2351 non
1491 2299 1852 2352 discredentes
1878 2299 2105 2351 ulterius
2133 2317 2258 2368 pro-

247 2393 456 2455 perant,
474 2393 528 2437 et
545 2402 687 2453 saepe
712 2390 1043 2435 revertentes
1071 2383 1209 2435 circa
1235 2384 1617 2437 domunculam
1637 2386 1781 2437 illam
1804 2393 2054 2438 evertunt
2076 2385 2256 2437 omnia

249 2470 507 2524 scrutinio
533 2469 929 2539 limpidissima
1006 2469 1270 2538 Wiganus
1296 2469 1512 2522 interim
1539 2479 1600 2522 ut
1630 2490 1797 2540 puero
1823 2472 1975 2523 flenti
2002 2471 2253 2524 solatium

247 2557 422 2622 faciat,
451 2556 728 2625 cnipulum
755 2574 878 2607 cum
905 2554 1142 2607 eburneo
1169 2555 1451 2608 manubrio
1478 2556 1527 2609 ei
1555 2557 1647 2608 dat
1677 2557 1732 2608 in
1761 2557 2027 2621 manibUS,
2053 2565 2108 2609 et
2132 2557 2252 2628 ipso

246 2644 433 2696 relicto
473 2643 601 2694 dum
632 2642 770 2706 silet,
798 2641 1020 2693 domum
1047 2641 1189 2694 intro
1217 2642 1422 2706 circuit,
1447 2642 1733 2694 latibulum
1760 2643 1967 2712 quaerit,
1994 2661 2090 2712 per
2115 2645 2253 2695 fora-

247 2731 394 2782 mina
421 2730 679 2782 sollicitus
707 2728 954 2792 excubat,
982 2729 1202 2781 tandem
1230 2729 1295 2781 ad
1322 2729 1561 2798 vagitum
1591 2730 1745 2799 pueri
1783 2730 2044 2799 repedans
2070 2729 2252 2799 ipsum

249 2816 466 2885 cnipulo
507 2814 912 2867 incumbentem
947 2822 1220 2866 mortuum
1266 2815 1481 2883 reperit.
1558 2814 1706 2868 Quid
1748 2814 1910 2884 igitur
1945 2815 2059 2884 spei
2093 2815 2253 2866 relin-

248 2900 462 2969 quitur?
514 2899 642 2951 Jam
679 2899 772 2967 qui
807 2907 980 2951 morte
1020 2899 1266 2968 proxima
1291 2899 1561 2964 timuerat,
1601 2900 1752 2968 quasi
1797 2899 2062 2963 obtectUS,
2098 2899 2251 2952 siccis

248 2992 496 3054 expectat
523 3002 741 3036 securus
766 2984 1074 3054 lachrymiS,
1097 2985 1219 3054 quia
1246 3003 1340 3054 spe
1364 2985 1570 3037 defecta
1588 2985 1810 3037 recessit
1827 2993 1880 3037 et
1896 2986 2074 3037 timor.
2137 2985 2253 3037 Ad-

247 3072 354 3122 huc
379 3070 483 3121 illis
512 3069 717 3121 circiter
741 3069 858 3120 illas
899 3077 1079 3138 partes
1114 3069 1439 3121 venantibus
1479 3069 1570 3138 qui
1597 3069 1888 3138 Wiganum
1924 3069 2252 3138 quaerebant,

246 3158 468 3209 invento
513 3163 684 3207 mater
727 3155 838 3207 filio
883 3162 1099 3207 mortuo
1143 3155 1450 3207 immoritur
1492 3155 1541 3207 ei
1586 3163 1641 3207 et
1683 3156 1895 3226 prosilit
1937 3175 2141 3221 amenS,
2191 3165 2254 3209 ut

246 3245 541 3313 Wiganum
568 3250 799 3294 accuset.
877 3240 976 3293 Ille
1021 3240 1250 3310 pedibus
1292 3241 1682 3311 apprehensam
1709 3250 1874 3307 tenet,
1917 3243 2254 3312 spondetque

249 3348 306 3382 se
343 3330 523 3398 ipsum
551 3329 599 3380 ei
625 3328 794 3379 filium
822 3327 934 3380 fore
973 3344 1070 3396 pro
1110 3334 1343 3391 mortuo,
1381 3327 1710 3396 persuadens
1752 3327 1800 3379 ei
1840 3327 1974 3379 nihil
2008 3328 2253 3380 utilitatis

321 3431 510 3466 CAMD.
540 3431 662 3466 soe.
1871 3419 1901 3464 2
1931 3431 1966 3464 B
