2638 3860
344 384 413 446 70
1062 397 1374 435 GUALTEm
1415 396 1614 433 MAPEs
1993 399 2191 450 [Distinc.
2213 398 2275 439 ΙΙ.

340 526 577 579 bendum
604 524 852 595 expensis
893 523 1206 593 hujusmodi
1242 522 1520 575 hominem
1545 523 1732 576 laetum
1758 529 1814 576 et
1838 523 2061 577 hilarem
2095 524 2151 576 in
2178 522 2328 578 omni

341 629 485 674 casu,
527 610 678 662 faciei
717 609 999 671 mundum,
1024 609 1350 672 modestum,
1394 607 1674 672 humilem,
1716 609 1939 662 omnino
1975 611 2114 662 sicut
2138 607 2324 660 multis

339 695 453 746 aliis
497 702 552 746 et
589 702 650 745 ut
675 693 806 744 mihi
848 692 1132 744 videbatur
1165 693 1483 761 perfectum,
1524 710 1696 743 unum
1738 692 1852 744 vidi
1885 693 2202 745 miraculum
2226 710 2325 762 per

336 797 556 830 manum
580 778 748 847 ipsius
774 796 805 829 a
830 777 1070 830 Domino
1098 795 1324 842 sacrum,
1351 776 1529 828 audivi
1547 776 1793 845 plurima.
1871 777 2012 828 Cum
2035 795 2152 830 sero
2179 784 2324 829 esset

338 864 422 915 die
459 882 566 914 una
589 863 739 915 venit
776 863 1065 915 multitudo
1092 881 1285 931 magna
1311 862 1508 914 civium
1543 861 2032 927 Lemovicensium,
2058 870 2113 915 et
2142 880 2325 915 secum

334 948 608 1000 hominem
655 948 1044 1000 daemoniacum
1089 947 1415 1000 deferebant.
1506 946 1775 999 Veniebat
1830 955 2011 999 autem
2059 955 2188 1017 post
2229 964 2322 1000 eos

335 1033 664 1085 Pictavensis
691 1033 993 1102 episcopm,
1029 1032 1120 1102 qui
1155 1051 1299 1084 nunc
1339 1040 1423 1085 est
1456 1032 1842 1084 Lundunensis
1869 1033 2322 1102 archiepiscopus,

331 1119 679 1171 Albaemanus
719 1119 1090 1187 cognomine‚*
1130 1126 1289 1169 natus
1329 1137 1359 1170 a
1399 1118 1705 1183 Cantuaria,
1731 1118 1814 1170 vir
1839 1118 2159 1188 eloquentiae
2185 1135 2322 1186 prae-

332 1204 521 1274 cipuae,
561 1205 893 1256 auctoritatis
932 1212 987 1256 et
1012 1204 1332 1256 celebritatis
1361 1204 1624 1268 maximae,
1652 1222 1763 1255 non
1799 1211 1862 1255 ut
1891 1211 2198 1272 temptaret,
2225 1203 2322 1255 sed

332 1290 474 1358 quod
500 1290 608 1341 fere
634 1289 948 1342 credebatur
986 1307 1110 1342 vere
1150 1288 1326 1358 possit
1366 1288 1518 1339 scire.
1594 1288 1650 1339 Is
1693 1288 1760 1338 ad
1795 1306 1881 1340 me
1917 1289 1973 1339 in
2009 1289 2114 1340 hiis
2140 1287 2319 1341 verbis

331 1375 587 1427 accessit:
644 1380 680 1405 ‘⁶
700 1375 986 1427 Carissime
1026 1375 1118 1439 mi,
1163 1392 1325 1426 evoca
1367 1373 1525 1425 nobis
1560 1373 2040 1443 archiepiscopum,
2074 1382 2137 1425 ut
2174 1373 2320 1443 quod

332 1478 519 1511 omnes
545 1461 838 1529 praedicant
864 1460 978 1512 sine
1006 1459 1171 1511 dubio
1206 1458 1480 1510 testificari
1513 1458 1787 1527 possimus
1809 1479 1823 1522 3
1865 1459 1976 1510 vidi
2001 1459 2320 1528 aliquotiens

327 1544 582 1596 fantasias
625 1544 757 1608 fieri,
794 1543 888 1595 ubi
914 1543 1279 1612 praedicabant
1304 1543 1621 1594 miraculum
1661 1560 1717 1594 se
1747 1542 1964 1607 vidisse,
1997 1543 2317 1612 percepique

330 1646 540 1697 semper
565 1629 908 1693 simultatem,
933 1646 1033 1680 nec
1058 1646 1295 1696 unquam
1331 1645 1521 1678 verum
1555 1626 1771 1695 aliquod
1809 1626 1921 1679 vidi
1947 1627 2317 1680 miraculum?

327 1714 468 1764 Tum
494 1732 590 1783 ego
619 1714 897 1766 dominum
934 1699 1154 1765 Petrum
1181 1712 1380 1764 adduxi
1396 1733 1411 1776 3
1453 1711 1545 1781 qui
1582 1712 1761 1780 posito
1799 1730 1942 1780 genu
1967 1732 2188 1764 manum
2213 1713 2316 1764 im-

327 1799 510 1867 posuit
534 1799 746 1851 infirmo
776 1799 1047 1868 spumanti
1067 1806 1120 1850 et
1147 1798 1367 1849 omnino
1401 1815 1620 1861 vesanO,
1654 1798 1844 1865 procul
1882 1797 2065 1850 dubio.
2138 1798 2314 1850 Aures

327 1883 673 1952 apposuimus
719 1883 969 1934 dominus
1010 1883 1288 1935 Johannes
1333 1882 1619 1950 episcopus
1662 1890 1715 1934 et
1749 1901 1865 1951 eg0,
1906 1883 2315 1952 audivimusque

329 1967 612 2031 dicentem,
639 1966 1100 2019 Recumbentibus
1139 1965 1391 2016 undecim
1429 1964 1722 2033 discipulis,
1768 1973 1823 2016 et
1860 1975 2067 2031 caetera.
2141 1968 2314 2020 Tene-

327 2051 460 2104 bant
499 2061 679 2104 autem
706 2052 1092 2104 daemoniacum
1119 2058 1306 2103 contra
1331 2051 1516 2113 letum,
1542 2069 1653 2102 non
1680 2051 1824 2102 enim
1848 2052 2141 2121 ligaverant
2170 2071 2313 2119 eum,

328 2137 451 2206 quia
474 2138 714 2206 ipsorum
741 2138 974 2190 concivis
996 2145 1123 2189 erat.
1198 2137 1360 2188 Dicta
1378 2136 1540 2205 igitur
1558 2136 1708 2189 brevi
1734 2138 1991 2203 oratione,
2007 2146 2133 2208 post
2152 2157 2313 2191 evan--

325 2223 540 2291 gelium,
560 2223 726 2292 jussit
750 2224 799 2275 ei
825 2242 1015 2274 manus
1043 2223 1276 2286 dimitti3
1304 2222 1393 2290 qui
1415 2222 1596 2274 statim
1623 2242 1786 2274 manu
1819 2223 2038 2276 dextera
2064 2242 2124 2276 os
2152 2243 2311 2276 suum

326 2307 497 2372 tersit,
524 2308 724 2372 dicenS,
751 2313 785 2338 “
802 2309 981 2360 Mater
1007 2308 1128 2372 Dei,
1162 2307 1465 2359 miserere.''
1545 2308 1808 2360 Resiliens
1843 2327 1969 2378 ergo
2009 2309 2189 2362 subito
2217 2311 2313 2362 do-

325 2393 503 2444 minus
521 2394 558 2445 J
561 2394 797 2445 ohannes
818 2395 1104 2463 episcopus
1122 2412 1244 2445 cum
1261 2392 1491 2444 lacrimis
1519 2393 1610 2457 ait,
1637 2397 1671 2422 ‘⁶
1691 2394 1833 2446 Vere
1853 2413 2016 2446 sanus
2037 2402 2120 2447 est
2145 2414 2311 2464 aeger3

324 2478 411 2531 hic
438 2479 583 2531 solus
610 2480 894 2549 episcopus
919 2488 1018 2545 est,
1044 2498 1145 2531 nos
1173 2486 1353 2530 autem
1378 2496 1536 2530 canes
1562 2497 1674 2531 non
1699 2480 1941 2532 valentes
1966 2481 2217 2533 latrare.''

836 2638 970 2688 Item
996 2638 1055 2688 de
1080 2638 1253 2688 eodem
1279 2637 1425 2687 beato
1453 2638 1627 2688 Petro.
1700 2636 1794 2688 iiii.

395 2735 602 2786 Retulit
645 2735 776 2786 mihi
815 2737 1068 2805 magister
1113 2735 1264 2787 Serlo
1307 2753 1338 2785 a
1380 2734 1665 2798 Wiltunia,
1700 2733 1864 2785 abbas
1896 2734 2308 2802 Eleemosinae,†

325 2819 468 2886 quod
492 2820 579 2872 hic
604 2820 744 2872 idem
783 2821 960 2872 bonus
999 2820 1430 2889 archiepiscopus
1471 2820 1682 2883 PetrUS,
1720 2837 1843 2870 cum
1875 2819 2162 2873 interesset
2190 2822 2309 2872 Cis-

377 2961 402 2985 *
430 2961 556 3008 John,
579 2963 795 3002 surnamed
814 2965 870 3002 ad
886 2965 998 3003 albas
1022 2976 1182 3011 manus,
1202 2976 1283 3002 was
1391 2964 1421 3007 †
1449 2962 1536 3001 The
1568 2962 1697 3012 abbey
1728 2961 1774 3000 of
1798 2962 2083 3012 Eleemosym,
2116 2976 2163 3002 or
2187 2964 2308 3003 l'Au-

324 3027 440 3065 made
458 3028 603 3080 bishop
623 3030 669 3068 of
693 3030 863 3070 Poitiers
896 3033 940 3070 in
967 3032 1085 3075 1162,
1106 3032 1185 3069 and
1204 3045 1284 3070 was
1339 3030 1473 3077 mone,
1513 3031 1745 3069 sometimes
1781 3031 1908 3069 called
1945 3031 2072 3070 Little
2117 3031 2304 3079 Citeaux,

324 3096 535 3141 promoted
551 3101 591 3135 to
604 3097 673 3136 the
688 3098 988 3149 archbishopric
1002 3099 1047 3137 of
1063 3099 1285 3139 Narbonne
1340 3111 1419 3136 was
1449 3098 1625 3136 situated
1653 3098 1835 3137 between
1865 3098 2058 3137 Chartres
2076 3098 2157 3136 and
2176 3098 2306 3137 Blois.

323 3158 368 3196 in
402 3163 518 3208 1181,
553 3164 632 3201 and
664 3169 707 3202 to
740 3166 828 3203 that
858 3166 905 3203 of
932 3166 1068 3216 Lyons
1088 3167 1131 3204 in
1166 3169 1285 3206 1182.
1340 3166 1453 3204 Serio
1473 3179 1551 3205 was
1571 3166 1696 3205 abbot
1713 3166 1818 3205 from
1841 3165 1940 3207 1171
1962 3170 2006 3204 to
2034 3177 2146 3204 some
2165 3165 2307 3215 period

329 3223 395 3262 He
430 3239 508 3265 was
545 3242 594 3266 an
633 3230 915 3280 Englishman,
954 3234 1033 3271 and
1065 3235 1144 3272 had
1180 3236 1283 3274 been
1338 3234 1586 3285 subsequent
1604 3239 1647 3274 to
1679 3237 1798 3275 1173.
1853 3236 1942 3274 The
1970 3235 2136 3272 authors
2166 3233 2214 3272 of
2236 3234 2307 3272 the

327 3294 526 3330 treasurer
555 3295 601 3332 of
629 3297 697 3335 the
716 3300 920 3338 cathedral
945 3304 990 3340 of
1019 3304 1149 3342 York.
1209 3306 1289 3345 See.
1342 3300 1475 3340 Gallia
1504 3302 1739 3341 Christiana
1770 3315 1880 3342 seem
1907 3306 1982 3341 not
2009 3306 2052 3340 to
2079 3301 2181 3340 have
2200 3302 2304 3342 been

328 3357 399 3397 the
411 3358 543 3399 Gallia
561 3361 803 3415 Christiana,
824 3368 905 3407 vol.
926 3369 987 3417 ii„
1008 3371 1088 3410 col.
1112 3374 1231 3413 1110.
1341 3385 1469 3412 aware
1486 3373 1576 3411 that
1592 3372 1645 3411 he
1663 3385 1743 3412 was
1761 3385 1814 3411 an
1833 3370 2117 3421 Englishman.
