2638 3860
341 325 448 376 Cap.
465 323 581 375 xxv.]
958 321 1035 355 DE
1079 321 1262 356 Nimis
1303 321 1679 357 CURIALIUM.
2247 309 2316 358 49

309 457 405 501 aut
426 450 713 518 spoliatum
734 446 988 516 relinquit
1007 448 1074 499 ad
1093 447 1323 517 aliquem
1343 448 1639 501 incolarum
1656 465 1809 517 spem
1829 445 2170 499 redeuntium
2182 466 2198 510 3
2224 445 2316 498 isti

307 534 536 586 sollicite
561 540 853 604 procurant
876 551 945 584 ne
970 551 1209 602 unquam
1235 540 1587 585 revertantur.
1670 532 1729 585 Si
1763 532 2093 585 saevissimus
2130 531 2311 600 ignem

309 620 594 673 immiserit
617 621 819 690 praed0,
836 621 1036 671 ferrum
1054 626 1202 671 extat
1227 627 1282 671 et
1306 620 1470 688 nan(?)
1492 626 1547 672 et
1571 618 1971 672 retroeuntibus
1987 636 2138 683 arva3
2167 617 2313 686 quod

307 715 551 759 caumate
577 707 734 777 perit,
762 706 907 775 quod
930 704 1160 758 involvit
1185 704 1383 769 elimiO,
1411 704 1557 773 quod
1581 722 1670 756 aer
1698 704 1937 775 corripit,
1962 704 2169 773 aliquos
2215 703 2312 755 do-

307 792 467 843 minis
495 798 777 845 conservat
801 809 932 842 usus
950 811 966 855 3
1011 790 1125 842 sola
1149 790 1311 859 hujus
1337 790 1608 859 religionis
1647 790 1783 842 nihil
1819 791 2016 860 linquit
2054 788 2310 842 incursio·

305 876 365 928 Si
391 876 686 929 obtinuerit
709 895 807 929 rex
832 895 864 927 a
881 893 1003 945 rege
1027 876 1115 927 vel
1141 875 1266 927 dolo
1291 874 1378 927 vel
1396 873 1538 927 bello
1563 892 1807 945 regnum,
1834 884 2310 946 quantumcunque

306 968 570 1031 tyrannus
602 961 690 1025 sit,
730 961 909 1013 coloni
951 960 1216 1025 residunt,
1259 977 1372 1011 non
1439 959 1568 1012 facit
1630 962 2030 1027 exterminium,
2073 959 2307 1031 propriis

304 1047 431 1099 licet
454 1047 508 1099 in
536 1047 736 1099 finibus
763 1046 939 1115 aliqua
974 1045 1080 1096 frui
1104 1044 1308 1109 laetitia,
1339 1052 1678 1113 mortemque
1703 1047 1919 1116 tyranni
1943 1047 2031 1099 vel
2056 1046 2213 1098 aliam
2240 1043 2307 1096 ab

303 1132 592 1183 afflictione
631 1130 1061 1199 redemptionem
1099 1130 1240 1180 intra
1277 1129 1539 1181 terminos
1578 1131 1876 1198 praestolari
1919 1138 2152 1200 possunt
2187 1129 2307 1181 lon-

303 1216 544 1286 ganimes
582 1234 613 1267 a
652 1216 806 1280 De03
851 1233 988 1284 quos
1031 1214 1227 1266 horum
1271 1214 1631 1283 apprehendit
1672 1214 1898 1281 invasio,
1939 1215 2161 1269 exilium
2205 1213 2310 1265 sibi

301 1301 474 1354 sciant
512 1300 793 1352 imminere
836 1307 1177 1370 perpetuum.
1270 1299 1421 1351 Alias
1446 1299 1611 1369 aliqui
1636 1300 1795 1352 certis
1821 1319 1887 1353 ex
1913 1300 2089 1353 causis
2115 1299 2308 1367 depor-

299 1394 502 1452 tantur,
544 1387 621 1439 hii
660 1399 894 1439 sumtam
931 1386 1296 1456 praescribunt
1335 1404 1542 1450 omneS,
1569 1386 1713 1437 unde
1743 1385 1807 1438 fit
1831 1394 1894 1439 ut
1919 1405 1986 1439 ex
2010 1384 2306 1439 valitudine

301 1474 388 1525 vel
410 1480 687 1526 senectute
728 1472 931 1524 debiles
968 1471 1181 1524 defectu
1206 1471 1522 1524 victualium
1549 1489 1612 1523 eo
1640 1470 1800 1523 citius
1826 1471 2076 1524 labantur
2101 1489 2208 1540 quo
2229 1469 2305 1521 eis

299 1558 599 1610 fulcimenti
623 1558 802 1609 minus
830 1557 1177 1627 relinquitur3
1206 1556 1502 1609 deserimus
1529 1556 1693 1622 enim,
1720 1564 1776 1608 et
1801 1574 2122 1626 quocunque
2147 1561 2308 1607 vocat

299 1662 422 1696 esca
455 1644 672 1713 jejunos
716 1642 1029 1712 parentibus
1074 1650 1128 1694 et
1169 1641 1360 1695 vicinis
1398 1641 1616 1707 relictiS,
1653 1642 1856 1711 passim
1891 1648 2190 1711 sequuntur
2215 1639 2308 1709 qui

300 1737 551 1799 possunt,
575 1729 631 1780 in
660 1748 820 1781 omne
845 1728 1205 1798 praecipitium
1230 1728 1462 1793 irruunt,
1487 1746 1588 1780 nec
1613 1728 1784 1779 ullum
1810 1726 2000 1779 mortis
2025 1726 2303 1778 incursum

301 1814 498 1867 metuit
521 1813 678 1866 famis
706 1814 968 1883 angustia.
1009 1878 1012 1880 q
1033 1813 1272 1867 Quidam
1297 1813 1354 1864 in
1381 1813 1601 1883 rapinis,
1621 1813 1841 1883 quidam
1866 1813 1919 1864 in
1942 1811 2099 1863 furtis
2135 1810 2306 1862 adun-

298 1907 441 1966 cant,
467 1906 522 1952 et
542 1899 796 1969 quoniam
817 1898 883 1951 ab
909 1899 1164 1951 aerumnis
1185 1898 1475 1967 desperant
1493 1898 1644 1968 eripi,
1673 1905 1853 1968 spreta
1876 1897 2004 1961 vita,
2020 1896 2306 1967 parvipen-

297 1987 438 2038 dunt
475 1985 727 2055 quicquid
767 1984 1044 2049 inflixeriS,
1079 1991 1134 2036 et
1160 1991 1392 2036 mortem
1418 1983 1561 2036 ultro
1588 1990 1886 2053 provocant
1909 1983 1967 2034 in
1991 1982 2303 2052 ingluviem,

298 2072 445 2142 quod
489 2089 581 2122 eos
640 2070 697 2121 in
761 2088 950 2122 omnes
1002 2070 1094 2122 diu
1151 2069 1387 2122 decursit
1444 2069 1687 2139 injurias,
1743 2070 2026 2137 lucemque
2074 2067 2304 2118 libenter

296 2163 505 2210 exuunt
531 2174 692 2225 quam
718 2162 889 2206 totam
915 2154 1042 2206 fecit
1067 2154 1260 2205 amaris
1286 2156 1461 2223 poenis
1487 2154 1777 2224 pessimam
1804 2154 2045 2224 penuria.
2123 2154 2302 2208 Quam

294 2241 550 2304 enormiS,
577 2258 736 2309 quam
765 2258 923 2304 saeva,
950 2258 1110 2308 quam
1138 2239 1399 2291 diabolica
1423 2240 1592 2308 pestis
1618 2240 1824 2292 inedia!
1866 2258 2026 2309 quam
2052 2239 2299 2302 crudeliS,

296 2347 455 2399 quam
496 2325 871 2389 abhominalis,
921 2343 1080 2393 quam
1133 2324 1464 2376 detestabilis
1516 2325 1777 2377 districtio
1801 2326 1812 2376 1
1866 2343 1985 2393 quae
2037 2324 2148 2375 sive
2186 2331 2297 2374 tam

297 2414 636 2467 Christianos
661 2412 718 2463 in
743 2412 888 2462 hunc
914 2409 1123 2461 inducit
1145 2427 1413 2461 carcerem
1440 2410 1733 2475 Dacianus,
1753 2419 1808 2462 et
1827 2428 1953 2462 vero
1981 2409 2298 2478 dispensant

294 2499 499 2563 mitius,
526 2507 581 2550 et
620 2503 880 2566 quantum
906 2494 1141 2546 brevitas
1181 2495 1449 2563 passionis
1496 2495 1649 2563 cujus
1694 2494 1939 2546 evaditur
1976 2513 2136 2563 quam
2179 2494 2297 2545 diu-

292 2594 454 2639 turna
495 2600 867 2653 pressurarum
902 2579 1131 2649 agmina,
1171 2586 1384 2631 tantum
1426 2597 1613 2631 eorum
1652 2580 1864 2631 videtur
1903 2578 2297 2631 misericordior

290 2671 574 2724 austeritas
620 2686 780 2737 quam
808 2684 927 2736 quae
952 2665 1080 2717 facit
1104 2665 1358 2733 inopiam,
1398 2683 1515 2734 quae
1550 2665 1684 2716 nihil
1707 2664 2042 2717 verecundiae
2081 2664 2296 2727 retinet,

291 2756 428 2809 nihil
450 2754 616 2806 habet
642 2753 875 2816 virtutiS,
902 2770 1020 2820 quae
1049 2749 1337 2802 sceleribus
1364 2750 1564 2814 horret,
1592 2750 1832 2820 squalida
1856 2749 2000 2800 vitiis
2027 2755 2126 2813 est,
2155 2766 2295 2799 sem-

293 2859 389 2911 per
428 2840 484 2891 in
510 2838 809 2890 Dominum
851 2838 1164 2901 irreverenS,
1205 2836 1262 2887 in
1303 2854 1463 2888 omne
1504 2837 1667 2888 decus
1707 2834 1964 2887 infrunita
1994 2833 2260 2886 crudescit
2279 2854 2294 2898 3

289 2943 411 2995 quae
436 2924 611 2992 galeas
636 2922 822 2991 piratis
847 2922 1085 2986 instruit,
1110 2921 1319 2973 furibus
1345 2922 1512 2973 foedat
1537 2920 1716 2984 urbes,
1747 2919 1898 2971 lucos
1925 2925 2095 2969 armat
2132 2918 2295 2970 latro-

292 3010 472 3072 nibu8,
498 3015 673 3059 mutat
696 3025 859 3076 agnas
885 3006 941 3057 in
967 3007 1140 3075 lupas,
1166 3007 1222 3057 in
1251 3007 1470 3075 lupanar
1501 3006 1643 3075 cogit
1662 3024 1692 3056 a
1718 3003 1998 3066 thalamis3
2026 3020 2144 3072 quae
2171 3021 2294 3055 cum

293 3096 350 3147 in
376 3095 494 3163 ipsa
519 3091 700 3144 omnia
726 3091 835 3142 sint
859 3099 1070 3161 reperta
1097 3091 1483 3160 suppliciorum
1508 3107 1718 3159 genera,
1744 3089 1927 3158 plures
1952 3087 2117 3140 habet
2155 3087 2296 3158 inju-

293 3181 399 3233 rias
426 3197 586 3248 quam
612 3177 846 3228 ultiones
867 3177 1096 3245 justitia,
1116 3176 1297 3245 plures
1318 3176 1550 3228 offensas
1578 3193 1737 3243 quam
1763 3173 1853 3224 illa
1877 3173 2119 3235 fulmina,
2144 3173 2298 3244 plura

293 3266 446 3335 signa
472 3281 632 3333 quam
658 3261 748 3314 illa
775 3262 1011 3332 sagittas,
1087 3262 1240 3314 Deus
1266 3260 1438 3315 bone!
1486 3258 1757 3328 quomodo
1783 3257 1879 3310 filii
1904 3258 1985 3310 tui
2025 3266 2168 3324 sunt,
2208 3258 2298 3327 qui

365 3367 557 3402 CAMD.
599 3366 720 3400 SOC.
1970 3362 2008 3395 H
