2638 3860
370 378 438 424 26
1079 385 1385 422 GUAL'rEm
1426 386 1626 422 MAPES
2063 386 2259 435 [Distine.
2283 383 2319 422 Ι,

370 512 678 583 reprobanS,
704 528 820 581 quae
844 530 943 564 nos
970 529 1092 564 cum
1117 509 1467 579 complicibus
1508 509 1620 561 suis
1665 508 2000 561 daemonibus
2045 517 2100 562 et
2143 508 2347 560 mundo

371 598 447 649 sic
471 596 766 660 infatuavit,
792 603 853 646 ut
866 602 1130 664 praecepta
1152 594 1354 646 Christi
1373 612 1483 645 non
1501 601 1779 645 teneamus
1797 594 1867 644 ad
1881 593 2047 645 vitam
2073 602 2346 657 aeternam,

368 699 467 735 nec
486 680 761 732 aforismos
788 679 1106 748 Hypocratis
1132 679 1199 730 ad
1213 678 1580 746 temporalem,
1599 677 1743 730 vices
1760 679 1945 747 utique
1964 679 2122 729 saluti
2138 678 2345 730 debitas

368 764 680 833 negligendo
697 763 1021 815 transilimus
1040 785 1055 829 3
1095 781 1322 832 cumque
1341 781 1459 815 raro
1483 763 1572 815 vel
1590 781 1864 832 nunquam
1887 763 2087 832 aliquid
2111 771 2349 832 tempes-

366 848 474 900 tive
498 848 592 899 fiat
623 865 654 899 a
694 847 869 911 nobiS,
907 848 1098 901 merito
1137 866 1238 900 nos
1283 847 1597 917 excepisset,
1637 847 1727 916 qui
1771 847 1901 900 dicit
1940 848 2088 899 omni
2126 847 2203 900 rei
2244 846 2346 899 sub

366 932 497 984 coelo
523 938 734 1000 tempus
761 939 816 984 et
837 938 1095 1001 tempora.
1168 932 1299 984 Tres
1326 931 1523 983 scimus
1550 951 1580 983 a
1598 931 1836 984 Domino
1859 931 2162 995 suscitatOS,
2180 930 2349 995 intus,

365 1015 511 1079 foriS,
552 1016 608 1068 in
651 1015 867 1081 tumba3
906 1035 1024 1086 quae
1069 1016 1315 1068 distichio
1358 1015 1508 1068 brevi
1551 1015 1836 1085 episcopus
1883 1015 2346 1068 Cenomannensis

369 1100 714 1153 Hildebertus
740 1101 990 1169 exposuit
1015 1101 1107 1165 sic,

684 1213 807 1252 Mens
824 1214 943 1260 mala,
964 1225 1073 1252 mors
1092 1213 1228 1260 intus;
1259 1211 1389 1250 malus
1409 1212 1538 1256 actus,
1557 1221 1667 1247 mors
1685 1208 1783 1248 foris
1802 1221 1899 1248 usus
1916 1224 1925 1256 ;

738 1281 909 1328 Tumba,
930 1281 1078 1332 puella,
1099 1292 1214 1331 puer,
1245 1280 1422 1318 Lazarus
1441 1277 1520 1315 ista
1535 1277 1724 1315 notanw*

367 1371 701 1423 Suffecerunt
726 1372 844 1423 duae
868 1371 1080 1424 feminae
1106 1389 1320 1424 movere
1345 1370 1643 1422 Dominum
1668 1370 1853 1439 paucis
1898 1371 2057 1423 etiam
2096 1372 2344 1441 precibus

364 1456 431 1506 ad
459 1456 857 1508 suscitationem
896 1455 1274 1524 quadriduani3
1313 1463 1396 1507 tot
1421 1463 1600 1506 autem
1625 1455 1908 1506 hominum
1938 1463 1993 1507 et
2024 1457 2345 1508 feminarum

363 1539 507 1591 milia
530 1540 656 1592 novi
680 1541 765 1592 vel
787 1541 982 1592 veteris
1009 1540 1209 1592 ordinis
1237 1558 1396 1608 quem
1424 1539 1791 1591 suscitantur?
1829 1558 1934 1608 quo
1961 1540 2119 1592 nobis
2145 1542 2344 1594 elemo-

362 1624 612 1689 sinarum,
632 1625 975 1693 jejuniorum,
994 1642 1214 1693 precum
1241 1624 1541 1688 assiduitaS,
1569 1623 1720 1692 quasi
1748 1642 1903 1676 secus
1928 1625 2093 1693 pedes
2120 1626 2346 1678 Domini

361 1710 681 1765 cumMaria
707 1711 970 1774 sedenteS,
995 1709 1174 1778 ipsum
1210 1709 1489 1760 sollicitare
1524 1726 1635 1760 non
1678 1717 1907 1774 cessant,
1931 1717 1994 1761 ut
2037 1710 2204 1775 aiunt,
2249 1713 2344 1764 sed

360 1794 536 1844 forsan
563 1812 776 1846 omnem
801 1794 1022 1863 implere
1042 1794 1307 1862 justitiam
1334 1794 1609 1862 cupientes
1635 1794 1691 1844 in
1711 1795 2035 1864 hospitando
2065 1796 2343 1848 Christum

362 1897 483 1930 cum
510 1879 726 1930 Martha
764 1887 1011 1947 satagunt
1050 1879 1186 1930 circa
1229 1879 1477 1948 frequens
1521 1879 1896 1945 ministerium,
1939 1899 2008 1932 ne
2049 1882 2178 1951 quid
2205 1882 2344 1934 desit

362 1963 491 2013 dum
532 1964 643 2015 sola
685 1963 969 2027 ministrat,
1005 1970 1059 2015 et
1096 1963 1229 2014 illud
1268 1982 1439 2015 unum
1470 1963 1675 2015 victum
1709 1972 1949 2017 accurate
1976 1966 2154 2017 minus
2181 1985 2343 2035 quam

360 2047 515 2098 nobis
542 2055 684 2099 esset
706 2047 907 2099 victum
930 2052 1245 2117 appetunt.†
1319 2048 1468 2099 Dum
1494 2066 1617 2117 ergo
1643 2049 1928 2101 turbantur
1952 2068 2074 2119 erga
2094 2050 2340 2120 plurima,

361 2132 499 2183 sicut
523 2132 596 2183 ait
628 2132 842 2195 Paulus,
868 2132 1090 2200 quisque
1115 2150 1211 2200 per
1236 2150 1310 2195 se,
1337 2132 1412 2184 sic
1445 2150 1541 2202 per
1575 2134 1799 2201 gratiam
1834 2135 1940 2186 Dei
1979 2135 2195 2204 propria
2235 2136 2342 2188 sol-

358 2215 631 2268 licitudine
670 2216 911 2268 suscitari
948 2216 1259 2285 poterimus,
1285 2216 1341 2266 in
1366 2215 1485 2285 ipso
1513 2217 1843 2269 confidentes
1874 2237 1986 2270 non
2021 2219 2079 2270 in
2103 2220 2341 2285 homine,

359 2299 604 2353 liberabit
628 2301 751 2370 quia
775 2319 875 2353 nos
901 2299 967 2352 ab
993 2300 1211 2353 homine
1236 2301 1376 2352 malo
1401 2300 1577 2353 bonus
1602 2302 1767 2355 homo
1795 2302 2062 2356 Christus.

837 2455 926 2506 De
952 2456 1152 2521 oriyz'ne
1182 2456 1649 2507 Carthasiensium.
1723 2456 1832 2509 xvi.

429 2565 879 2634 Granopolitanus
906 2565 1233 2635 episcopus‡
1259 2566 1466 2618 viderat
1501 2566 1559 2617 in
1599 2567 1803 2618 somnis
1845 2575 2053 2636 septem
2092 2569 2231 2620 soles
2273 2590 2340 2623 ex

358 2649 577 2701 diversis
603 2651 844 2719 partibus
869 2651 926 2701 in
952 2658 1194 2702 montem
1220 2651 1311 2719 qui
1338 2650 1584 2702 Cartusia
1622 2651 1832 2715 dicitur,
1875 2652 1929 2702 in
1973 2652 2110 2704 valle
2157 2653 2342 2707 Grise-

356 2733 599 2798 voldana,
636 2733 918 2786 convenire
943 2751 1253 2802 moramque
1289 2734 1461 2787 facere
1477 2754 1493 2797 3
1531 2733 1624 2802 qui
1661 2753 1784 2786 cum
1824 2736 2057 2787 multum
2099 2738 2339 2792 studeret

411 2897 437 2925 *
468 2898 696 2939 Hildebert.
718 2900 866 2939 Locor.
890 2899 1112 2950 Scripturae
1144 2899 1318 2939 Moralis
1371 2911 1453 2938 was
1485 2912 1509 2938 a
1536 2900 1670 2939 native
1700 2902 1747 2940 of
1771 2902 1967 2953 Cologne.
2024 2903 2125 2943 This
2163 2910 2339 2945 account

359 2966 603 3017 Applicatio‚
625 2980 674 3006 ex
703 2968 811 3007 Nov.
841 2967 955 3006 Test.
980 2970 1001 3014 §
1020 2967 1133 3006 xxiii.
1166 2966 1317 3018 Opera,
1373 2966 1429 3017 by
1446 2967 1603 3006 Walter
1622 2968 1769 3019 Mapes
1788 2971 1823 3009 is
1842 2971 1913 3009 the
1933 2975 2042 3010 most
2053 2972 2263 3012 authentic
2278 2986 2337 3012 we

361 3033 425 3071 ed.
448 3037 564 3080 1708,
595 3047 636 3085 p.
661 3036 779 3076 1227.
1373 3034 1490 3072 have.
1557 3034 1644 3073 The
1686 3035 1868 3076 Statutes
1908 3038 1955 3076 of
1999 3038 2069 3077 the
2108 3038 2241 3078 order
2270 3053 2337 3079 are

413 3099 441 3145 †
470 3100 542 3138 See
562 3100 663 3139 Luc.
683 3114 724 3139 x.
744 3102 888 3140 38-42.
1374 3101 1536 3151 printed
1564 3101 1608 3139 in
1636 3101 1705 3141 the
1734 3103 1843 3141 sixth
1875 3105 2036 3143 volume
2063 3105 2109 3144 of
2143 3106 2212 3145 the
2241 3107 2336 3146 Mo-

416 3165 441 3212 ‡
469 3166 609 3216 Hugh,
654 3168 799 3219 bishop
856 3168 900 3207 of
955 3168 1173 3208 Grenoble.
1230 3168 1318 3207 The
1372 3169 1571 3208 nasticon.
1632 3169 1707 3208 See
1726 3169 1790 3208 for
1807 3171 1877 3210 the
1893 3171 2048 3223 history
2063 3172 2110 3210 of
2125 3172 2206 3211 this
2219 3173 2341 3212 order

363 3231 602 3271 foundation
620 3234 666 3271 of
699 3235 768 3272 the
795 3235 913 3273 order
941 3235 987 3274 of
1012 3235 1235 3274 chartreux
1263 3235 1317 3286 by
1373 3235 1441 3273 the
1462 3236 1645 3275 Histoire
1666 3237 1736 3276 des
1759 3237 1913 3277 Ordres
1930 3239 2156 3290 Religieux,
2174 3240 2221 3278 of
2237 3240 2338 3280 Pere

363 3297 505 3349 Bruno
524 3300 714 3339 occurred
732 3301 775 3338 in
806 3302 922 3340 1086.
979 3302 1121 3342 Bruno
1154 3302 1321 3341 himself
1373 3302 1530 3350 Heliot,
1560 3308 1663 3344 tom.
1686 3305 1752 3344 vii.
1773 3318 1815 3356 p.
1837 3305 1932 3345 366.
