2638 3860
1075 387 1387 422 GUALTEm
1427 385 1626 421 MAPES
2061 386 2257 438 [Distinc.
2279 386 2317 426 Ι.

359 381 427 427 54

359 536 511 587 agros
545 515 705 569 vicini
745 513 845 578 sui,
881 511 1127 582 AEgyptii
1169 511 1372 575 militis,
1424 510 1567 579 apud
1605 508 1915 575 Cukewald,
1959 529 2119 580 quam
2161 510 2344 565 referri

358 603 484 655 fecit
534 604 773 670 Rogerus
823 595 1178 650 Eboracensis
1229 595 1711 664 archiepiscopus*
1785 596 1871 647 Ne
1920 596 2015 649 fiat
2063 596 2226 649 etiam
2276 597 2342 648 de

356 694 509 755 prato
535 685 735 737 mentio
761 681 975 734 alterius
1000 680 1264 749 AEgyptii,
1302 680 1446 749 quod
1471 680 1538 732 ab
1567 679 1815 732 Hebraeis
1846 687 1970 732 ante
1995 698 2171 733 rorem
2198 699 2342 733 sero-

355 772 527 823 tinum
554 770 659 821 sale
684 784 986 836 respersum
1013 772 1113 828 est,
1151 772 1206 816 et
1230 765 1486 816 arietibus
1511 762 1767 814 immissis
1803 763 2058 816 radicitus
2095 765 2342 817 avulsum

356 856 421 906 de
440 862 595 907 nocte
620 870 715 922 per
734 851 1033 921 appetitum
1055 850 1197 914 saliS,
1214 857 1269 901 et
1292 849 1537 918 pluribus
1564 848 1719 899 annis
1745 848 1802 899 in
1829 848 2165 901 sterilitatem
2191 868 2341 902 coac-

353 948 488 1003 tum,
515 939 685 990 donec
710 936 786 988 eis
811 935 1149 987 venderetur.
1224 934 1299 985 Et
1325 934 1470 1003 quod
1495 932 1738 1002 ejusdem
1763 932 1868 984 loci
1905 934 2094 984 fratres
2123 932 2341 985 Hebraei

352 1025 407 1076 in
436 1022 725 1086 PonutinO,
750 1020 1056 1090 proximum
1078 1019 1180 1070 sibi
1205 1037 1390 1088 agrum
1410 1037 1517 1070 una
1540 1025 1698 1069 nocte
1724 1035 1887 1069 manu
1905 1036 2099 1087 magna
2123 1025 2179 1069 et
2201 1017 2339 1086 bigis

352 1109 534 1161 multis
549 1106 815 1159 laetamine
832 1111 1263 1173 consperserunt,
1280 1103 1397 1155 etin
1411 1102 1642 1155 crastino
1652 1101 1970 1171 AEgyptium
1986 1101 2339 1154 admirantem

353 1194 498 1263 quod
522 1209 705 1243 eorum
724 1197 807 1241 tot
826 1206 1026 1241 carucae
1053 1206 1209 1239 suum
1235 1187 1301 1239 ab
1328 1195 1528 1239 aeterno
1556 1205 1806 1255 campum
1826 1194 2180 1255 usurpassent
2200 1186 2338 1238 deri-

352 1285 537 1330 serunt
576 1275 726 1345 quasi
750 1292 1027 1337 vesanum,
1069 1271 1161 1340 qui
1185 1272 1409 1323 fratrum
1438 1271 1794 1323 Hebraeorum
1835 1290 2020 1340 agrum
2055 1289 2216 1340 quem
2253 1278 2337 1323 tot

351 1361 539 1414 diebus
583 1367 667 1411 tot
713 1357 985 1409 laboribus
1035 1357 1377 1409 excoluerant
1421 1375 1577 1407 suum
1629 1356 1845 1420 diceret,
1895 1375 2019 1408 cum
2058 1375 2336 1425 nunquam

349 1452 505 1496 antea
547 1442 865 1495 calumniam
907 1441 1195 1504 intulisset,
1232 1440 1748 1493 verisimilitudinem
1788 1439 2039 1504 habeant,
2080 1448 2135 1492 et
2171 1459 2235 1493 eo
2277 1459 2334 1493 se

349 1537 495 1580 tutos
544 1527 852 1578 interventu
900 1526 1142 1577 fecerunt
1185 1525 1349 1577 albini
1400 1544 1579 1578 coram
1630 1525 1874 1577 omnium
1919 1525 2119 1594 judice,
2163 1525 2334 1577 donec

347 1614 516 1663 haeres
543 1610 725 1662 militis
751 1609 817 1660 ab
843 1610 920 1661 ira
961 1611 1098 1662 furia
1139 1610 1384 1662 invectus
1420 1629 1512 1662 eos
1552 1628 1740 1662 omnes
1775 1628 1899 1662 cum
1933 1610 2184 1662 domibus
2220 1610 2332 1662 suis

345 1697 491 1748 ultus
518 1702 600 1746 est
624 1694 887 1745 incendio.
964 1693 1226 1746 Sileamus
1253 1695 1414 1747 etiam
1440 1695 1506 1746 de
1529 1701 1672 1747 carta
1693 1693 1893 1763 duplici
1912 1693 2088 1746 verbis
2109 1695 2331 1761 eisdem,

347 1788 402 1831 et
427 1779 492 1830 de
506 1777 781 1847 jugeribus
808 1777 1024 1841 eisdem,
1052 1797 1081 1828 a
1105 1779 1253 1828 fatuo
1281 1776 1593 1828 cancellario
1626 1776 1741 1828 sine
1767 1776 1972 1828 domini
2006 1778 2332 1830 conscientia

344 1863 712 1914 fraudulentur
739 1861 975 1924 obtenta,
1002 1871 1255 1930 tanquam
1280 1862 1337 1912 in
1364 1861 1664 1913 subsidium
1686 1861 1902 1913 alterius
1919 1861 2128 1913 amissae
2149 1870 2331 1914 mutu-

347 1954 571 1999 averunt
602 1963 701 2014 pro
741 1945 817 1996 eis
852 1944 969 2009 alia,
1003 1946 1097 1996 sed
1123 1946 1189 1997 ab
1216 1946 1405 1998 eodem
1432 1945 1669 2010 domino,
1690 1946 1911 1998 alteram
1937 1947 2060 2015 quia
2084 1948 2330 2001 reddide-

343 2039 470 2081 runt
531 2037 792 2081 cartarum
853 2029 1016 2081 altera
1063 2037 1285 2093 retenta,
1334 2029 1612 2081 venditore
1662 2037 1843 2082 autem
1890 2030 1975 2082 vel
2024 2037 2328 2084 mutuatore

343 2121 555 2165 mortuo
574 2112 828 2182 pristinos
854 2113 1183 2182 repetierunt
1207 2114 1272 2166 ab
1298 2114 1508 2166 haerede
1527 2131 1624 2183 per
1649 2122 1847 2166 cartam
1866 2114 2133 2166 residuam
2153 2133 2327 2184 agrOS,

344 2205 399 2250 et
441 2215 619 2249 coram
653 2196 872 2248 domino
903 2214 1025 2265 rege
1058 2207 1244 2251 nostro
1286 2198 1536 2263 convicti,
1575 2199 1783 2251 confusi
1818 2207 1883 2251 ut
1919 2200 2111 2265 solent,
2148 2200 2205 2252 id
2244 2209 2329 2254 est

335 2281 635 2350 joculantes
655 2281 798 2332 unde
823 2281 1062 2332 flendum
1088 2290 1248 2347 esset,
1274 2290 1610 2335 recesserunt
1635 2302 1665 2334 a
1685 2301 1824 2352 rege,
1852 2283 2057 2335 dimissi
2078 2303 2176 2354 pro
2202 2285 2325 2338 Deo

342 2372 525 2416 contra
549 2365 747 2416 Deum.
824 2365 1350 2418 praetermittendum
1394 2367 1556 2418 etiam
1593 2375 1693 2431 est,
1743 2368 1889 2436 quod
1932 2369 2076 2437 apud
2119 2369 2270 2422 Neth
2289 2375 2324 2433 †

337 2449 543 2501 inventi
594 2456 722 2499 sunt
764 2448 1025 2501 habentes
1076 2458 1276 2502 cartam
1326 2451 1537 2503 comitis
1590 2451 1869 2504 Guillelmi
1921 2453 2268 2507 Gloecestriae
2291 2457 2320 2521 ‡

339 2533 604 2586 sexdecim
642 2551 898 2598 acrarum,
936 2541 1063 2602 post
1098 2535 1442 2588 traditionem
1480 2543 1638 2588 cartae
1672 2543 1830 2589 aucto
1855 2554 2080 2590 numero
2106 2539 2174 2590 ad
2200 2557 2323 2591 cen-

387 2753 413 2780 *
443 2755 576 2805 Roger
593 2766 675 2794 was
698 2754 943 2806 archbishop
974 2756 1021 2795 of
1045 2757 1161 2797 York
1190 2758 1299 2797 from

337 2823 441 2860 1154
459 2826 502 2860 to
524 2824 642 2868 1181,
663 2822 743 2860 and
762 2822 797 2860 is
816 2822 1025 2862 described
1042 2824 1097 2874 by
1114 2824 1298 2863 william

336 2889 382 2927 of
397 2888 614 2937 Newbury,
636 2887 750 2927 Hist.
769 2888 842 2927 lib.
868 2889 929 2928 iii.
951 2902 988 2929 c.
1010 2892 1051 2938 5,
1078 2903 1121 2930 as
1141 2904 1165 2929 a
1182 2895 1297 2941 great

336 2969 479 3006 enemy
508 2956 555 2994 of
579 2955 648 2994 the
681 2955 843 3001 monks,
877 2957 957 2995 and
990 2958 1194 2997 therefore
1225 2959 1296 2998 the

336 3023 525 3061 monkish
541 3023 695 3061 writers
713 3024 918 3075 generally
933 3025 1057 3075 speak
1077 3025 1123 3064 ill
1134 3024 1182 3064 of
1194 3026 1294 3065 him.

339 3090 412 3128 See
430 3090 498 3128 the
516 3090 614 3140 long
637 3096 811 3129 account
837 3091 884 3130 of
899 3093 981 3131 this
1001 3093 1156 3143 prelate
1175 3094 1295 3143 given

334 3156 388 3205 by
407 3156 475 3194 the
493 3157 690 3195 historian
716 3158 803 3206 just
821 3160 987 3208 quoted,
1010 3159 1091 3199 and
1119 3160 1204 3199 also
1225 3160 1294 3200 the

334 3222 466 3260 notice
487 3223 529 3260 in
549 3223 730 3271 Godwin,
761 3225 809 3264 de
830 3225 967 3276 Episc.

1405 2759 1432 2809 †
1462 2756 1616 2804 Neath‚
1659 2756 1704 2794 in
1747 2755 2119 2806 Glamorganshire.
2186 2758 2320 2799 There

1351 2837 1431 2864 was
1459 2837 1484 2863 a
1517 2824 1741 2863 Cistercian
1768 2824 1898 2875 abbey
1916 2827 1958 2863 at
1980 2824 2063 2864 this
2088 2825 2217 2876 place,
2248 2827 2321 2867 the

1350 2893 1461 2931 walls
1481 2892 1528 2931 of
1541 2892 1674 2931 which
1692 2892 1778 2931 still
1795 2892 1965 2931 remain.

1405 2959 1430 3006 ἶ
1459 2960 1656 3007 William,
1696 2972 1771 2999 son
1807 2960 1888 2998 and
1921 2972 2132 2999 successor
2168 2961 2215 3000 of
2247 2962 2318 3002 the

1351 3025 1509 3065 Robert
1533 3027 1617 3065 earl
1653 3027 1700 3065 of
1726 3027 1967 3067 Gloucester
1995 3027 2086 3067 who
2114 3030 2231 3068 made
2268 3043 2315 3070 so

1350 3093 1474 3133 much
1492 3095 1620 3144 figure
1638 3094 1683 3131 in
1701 3093 1772 3132 the
1791 3095 1907 3145 reign
1926 3094 1974 3133 of
1993 3095 2189 3146 Stephen.
2248 3096 2315 3136 He

1348 3161 1384 3199 is
1410 3161 1672 3200 enumerated
1703 3173 1852 3213 among
1883 3163 1955 3202 the
1987 3162 2244 3202 benefactors
2274 3163 2322 3202 of

1349 3228 1418 3268 the
1437 3228 1567 3280 abbey
1585 3228 1631 3268 of
1647 3228 1798 3268 Neath.
