2638 3860
362 393 466 438 228
1081 401 1392 437 oUAL'ri-:m
1422 400 1624 436 MAPss
2061 399 2255 450 [Distinc.
2278 398 2331 436 V.

363 542 472 594 suit
513 551 689 594 autem
727 542 774 593 ei
816 541 1075 610 principia
1107 540 1256 609 regni
1283 539 1367 591 sui
1393 539 1643 591 meretrix
1682 538 1929 607 quaedam
1965 538 2196 607 publica,
2225 537 2360 588 nihil

360 627 713 678 immunditiae
738 624 1049 692 dedignanS‚
1075 624 1246 675 filium
1284 642 1444 693 quem
1486 643 1518 675 a
1558 624 1759 693 populo
1800 632 2107 692 susceperat
2138 623 2356 675 nomine

363 711 696 773 Gaufridum,
723 728 882 778 quem
907 710 1108 778 injuste
1136 711 1421 779 minusque
1449 711 1675 762 discrete
1701 718 1958 778 tanquam
1986 728 2144 760 suum
2171 726 2357 776 accep-

360 806 496 860 tanS,
522 797 578 847 in
603 803 814 847 tantum
839 796 1111 864 promovit
1138 804 1198 847 ut
1222 797 1382 848 hodie
1402 796 1474 848 sit
1490 796 1849 848 Eboracensis
1875 795 2358 864 archiepiscopus*

360 882 573 933 Nomen
600 889 779 933 autem
806 881 990 933 matris
1017 882 1133 950 ejus
1160 882 1387 934 Ykenai.
1464 881 1822 951 Congregavit
1835 881 1923 933 hic
1951 881 2052 933 sibi
2076 881 2360 950 praedictas

361 966 773 1018 consuetudines
799 966 1136 1035 importunas
1162 966 1328 1035 patris
1354 966 1612 1035 impositi,
1639 974 1694 1018 et
1720 966 1785 1017 de
1812 965 1968 1017 bonis
1995 973 2102 1017 tam
2143 983 2361 1034 paucas,

360 1051 503 1118 quod
529 1051 799 1103 continuae
827 1063 954 1102 sunt
979 1051 1271 1103 inimicitiae
1299 1051 1679 1103 canonicorum
1726 1068 1948 1101 suorum
1989 1050 2057 1101 ad
2081 1050 2279 1118 ipsum,
2305 1058 2361 1102 et

358 1155 386 1187 e
413 1155 690 1203 converso,
718 1138 842 1206 quia
868 1138 1120 1189 vitiorum
1146 1137 1337 1206 plenus
1365 1144 1448 1189 est
1473 1145 1528 1188 et
1554 1155 1764 1188 morum
1791 1154 1998 1205 expers.

430 1223 640 1276 Placeat
665 1232 845 1276 autem
873 1225 938 1276 de
965 1233 1134 1276 matre
1172 1224 1414 1293 praedicti
1458 1223 1596 1291 regis
1640 1222 1812 1274 nostri
1854 1223 2054 1286 audire,
2082 1222 2226 1292 quod
2250 1222 2360 1274 filia

357 1308 528 1360 fuerat
567 1310 756 1378 optimi
790 1310 1048 1379 principis
1091 1318 1146 1362 et
1191 1318 1390 1361 sanctae
1418 1309 1662 1360 Matildis
1689 1309 1901 1378 reginae,
1928 1317 2204 1378 materque
2229 1308 2361 1361 boni

358 1394 513 1462 regiS,
539 1395 655 1463 ipsa
699 1395 966 1448 bonorum
1005 1396 1061 1446 in
1099 1395 1277 1447 medio
1316 1395 1568 1463 pessima.
1626 1395 1869 1446 Tradidit
1894 1413 2012 1446 eam
2038 1404 2190 1464 pater
2228 1413 2358 1446 suus

362 1479 630 1531 Henricus
672 1481 1040 1532 Romanorum
1077 1479 1385 1548 imperatori
1434 1478 1647 1548 nuptui,
1687 1478 1780 1547 qui
1830 1478 2094 1530 minorem
2142 1479 2359 1530 fratrem

360 1583 518 1615 suum
562 1583 740 1634 regem
781 1565 975 1617 Ytaliae
1004 1572 1220 1634 captum
1247 1565 1302 1615 in
1333 1565 1475 1616 bello
1518 1564 1912 1632 decapitaverat
1938 1583 2101 1615 manu
2127 1565 2361 1633 propria,

360 1658 672 1719 patremque
699 1670 858 1702 suum
885 1651 1175 1719 cupiditate
1201 1650 1459 1719 regnandi
1486 1650 1750 1719 dejecerat
1775 1650 1841 1702 ab
1869 1650 2094 1719 imperio
2120 1657 2183 1700 ut
2206 1657 2360 1719 post-

360 1735 581 1786 modum
627 1755 862 1805 paupera
900 1736 1206 1788 communia
1245 1735 1623 1787 canonicorum
1663 1736 1999 1804 quorundam
2041 1735 2360 1787 secularium

358 1819 568 1888 imperii
596 1821 676 1871 sui
705 1825 1150 1880 sustentaretur.†
1230 1820 1333 1871 His
1377 1820 1620 1889 praedicti
1667 1821 1852 1889 sponsi
1895 1821 2128 1890 peccatis
2167 1820 2362 1890 adjecit

361 1904 622 1968 Matildis,
649 1905 793 1972 quod
831 1904 897 1956 ab
937 1905 1188 1956 omnibus
1229 1904 1455 1955 ducibus
1494 1912 1550 1955 et
1588 1904 1923 1973 principibus
1962 1905 2172 1974 imperii
2199 1905 2282 1956 sui
2307 1912 2362 1956 et

358 1988 622 2056 episcopis
649 1996 702 2039 et
727 1988 1138 2056 archiepiscopis
1165 1987 1341 2057 exegit
1366 1988 1608 2039 civitates
1636 1997 1691 2040 et
1717 1990 1932 2041 castella
1958 1989 2171 2058 propria
2197 2008 2362 2040 manu

361 2075 608 2138 tenenda,
651 2082 706 2126 et
749 2092 1079 2143 quaecunque
1131 2081 1400 2142 praecepto
1445 2092 1552 2125 non
1599 2075 1778 2143 potuit
1821 2076 1962 2127 bello
2009 2084 2233 2128 conatus
2278 2083 2361 2127 est

362 2167 613 2211 evertere.
714 2161 935 2211 Restitit
979 2168 1158 2212 autem
1204 2161 1252 2212 ei
1293 2160 1402 2211 dux
1443 2160 1634 2211 unicus
1681 2161 1951 2213 Baiwariae
1996 2169 2051 2213 et
2095 2162 2360 2225 Saxoniae,

361 2251 649 2314 contraque
675 2264 865 2296 manus
893 2246 1134 2297 omnium
1185 2246 1322 2297 acies
1350 2245 1634 2310 ordinavit,
1659 2248 1906 2316 factoque
1933 2265 2223 2316 congressu
2263 2266 2361 2300 nec

361 2331 590 2399 fugitum
630 2340 712 2382 est
754 2349 853 2383 nec
891 2332 1150 2400 fugatum,
1179 2331 1495 2400 duravitque
1521 2339 1711 2384 mutua
1737 2334 1909 2385 caedes
1934 2334 2249 2404 longissimo
2277 2334 2363 2387 die

362 2416 497 2468 circa
522 2417 684 2469 finem
710 2417 747 2469 J
751 2418 862 2468 unii
889 2436 918 2467 a
943 2435 1099 2468 mane
1127 2435 1295 2486 usque
1335 2418 1404 2468 ad
1445 2417 1676 2469 mediam
1715 2427 1951 2484 noctem,
1977 2421 2161 2472 multis
2201 2421 2358 2472 milli-

362 2502 463 2553 bus
491 2502 556 2554 de
596 2503 773 2554 medio
819 2503 1023 2555 deletis.
1103 2504 1463 2554 Recesserunt
1489 2502 1555 2554 ab
1581 2503 1811 2555 invicem
1852 2506 2007 2573 pauci
2050 2506 2115 2558 de
2154 2506 2357 2558 timidis

359 2587 580 2655 ignavis,
657 2589 926 2642 Quoniam
953 2589 1114 2657 igitur
1140 2608 1169 2640 a
1194 2589 1422 2640 residuis
1463 2589 1805 2658 desperatum
1849 2600 1932 2642 est
1973 2592 2038 2644 de
2086 2592 2361 2661 sepultura

360 2673 692 2736 cadaverum,
718 2674 860 2742 lupis
888 2681 943 2726 et
968 2673 1189 2725 canibus
1231 2681 1285 2725 et
1328 2673 1518 2725 avibus
1559 2673 1810 2725 derelicta
1836 2684 1963 2726 sunt
1989 2684 2042 2727 et
2068 2677 2359 2745 putredini,

360 2774 585 2824 quorum
610 2757 766 2810 foetor
792 2758 928 2810 circa
956 2776 1011 2810 se
1056 2758 1404 2810 solitudinem
1444 2757 1586 2809 fecit.
1665 2757 2000 2827 Compunxit
2037 2768 2217 2812 autem
2245 2762 2360 2812 Do-

413 2904 437 2929 *
468 2905 656 2956 Geoffrey
676 2920 754 2945 was
774 2908 889 2946 made
917 2907 1063 2957 bishop
1084 2906 1129 2945 of
1156 2906 1328 2945 Lincoln
1383 2905 1519 2944 tained
1538 2905 1606 2943 the
1627 2910 1782 2956 sceptre
1794 2906 1848 2956 by
1862 2906 2106 2958 dethroning
2126 2909 2189 2947 his
2209 2910 2360 2959 father,

358 2974 401 3010 in
440 2974 556 3014 1167.
614 2974 680 3012 He
719 2975 1006 3025 subsequently
1042 2973 1229 3023 resigned
1266 2974 1328 3012 his
1386 2973 1528 3024 Henry
1550 2973 1625 3011 IV.
1648 2973 1691 3011 in
1712 2975 1831 3013 1106.
1892 2975 1932 3013 It
1952 2989 2032 3014 was
2053 2976 2115 3015 his
2131 2978 2242 3016 elder
2259 2978 2359 3018 bro-

360 3041 576 3091 bishopric‚
599 3042 676 3079 and
696 3055 773 3080 was
794 3042 1014 3093 appointed
1041 3042 1269 3080 chancellor
1288 3041 1334 3079 of
1383 3040 1489 3087 ther,
1514 3039 1689 3087 Conrad,
1714 3042 1817 3087 who,
1852 3042 2002 3092 having
2033 3044 2215 3082 revolted
2250 3044 2356 3084 from

360 3107 558 3158 England,
580 3109 710 3147 which
731 3111 844 3148 office
877 3110 928 3148 he
960 3110 1141 3148 retained
1171 3109 1234 3147 till
1266 3109 1329 3147 his
1384 3107 1447 3146 his
1484 3107 1629 3153 father,
1665 3108 1736 3147 the
1768 3121 1953 3159 emperor
1988 3110 2131 3161 Henry
2152 3111 2248 3159 IV.,
2276 3125 2358 3152 was

359 3175 524 3214 father's
562 3177 694 3215 death.
754 3177 818 3216 He
855 3191 934 3216 was
972 3178 1127 3216 elected
1172 3181 1215 3215 to
1259 3177 1330 3215 the
1384 3174 1534 3212 chosen
1551 3174 1652 3223 king
1670 3174 1717 3212 of
1741 3174 1811 3212 the
1828 3175 2026 3223 Romans,
2049 3176 2092 3213 in
2110 3176 2231 3227 Italy.
2290 3178 2357 3218 He

361 3242 656 3294 archbishopric
691 3246 737 3283 of
760 3246 876 3284 York
909 3246 951 3284 in
984 3246 1104 3293 1191,
1133 3245 1237 3283 after
1257 3245 1326 3283 the
1381 3242 1472 3280 died
1503 3246 1544 3280 at
1580 3242 1771 3281 Florence
1804 3243 1846 3281 in
1868 3244 1987 3290 1101,
2019 3256 2131 3283 some
2165 3257 2237 3295 say
2267 3246 2355 3296 poi-

360 3311 562 3347 accession
590 3311 636 3348 of
660 3312 835 3350 Richard
859 3312 894 3350 Ι.
1380 3310 1522 3356 soned,
1544 3310 1617 3348 but
1637 3315 1710 3349 not
1729 3311 1830 3349 slain
1850 3311 1904 3361 by
1922 3311 1985 3349 his
2004 3312 2174 3350 brother
2195 3312 2353 3365 Henry,

414 3379 442 3419 †
470 3377 556 3414 The
586 3391 769 3428 emperor
790 3366 931 3429 Henry
949 3379 1002 3418 V.
1024 3380 1114 3418 who
1145 3379 1224 3417 had
1249 3379 1322 3418 ob·
1379 3377 1469 3416 who
1490 3390 1660 3428 appears
1679 3382 1723 3415 to
1740 3378 1938 3416 havehad
1961 3391 2014 3417 no
2033 3378 2152 3417 other
2171 3378 2351 3418 brother.
