2638 3860
330 346 433 398 Cap.
453 344 589 396 xxiii.]
952 344 1030 379 DE
1072 342 1256 380 Nireus
1297 341 1671 379 GURIALIUM.
2240 332 2310 378 99

303 475 603 544 supplicare
647 472 735 527 vel
776 471 845 523 ad
888 470 1258 524 defensionem
1302 470 1511 545 armari.
1588 469 1780 523 Missis
1817 469 1981 540 igitur
2016 468 2144 522 hinc
2181 468 2308 521 inde

299 561 525 626 nuntiiS‚
569 559 795 613 Sabrina
818 556 1153 627 interposita,
1192 556 1446 609 collocuti
1473 565 1618 610 sunt.
1694 557 1995 611 Edwardus
2022 555 2090 608 ad
2108 555 2308 607 Auste-

298 647 433 700 clive
460 655 591 711 erat,
619 645 880 698 Luelinus
918 644 976 696 in
1014 643 1358 696 Bechesleeff‘
1433 643 1598 696 Ibant
1635 651 1691 696 et
1727 642 2137 697 revertebantur
2162 641 2306 693 inter

297 751 390 785 eos
416 733 473 785 in
499 732 735 803 phaselis
761 738 1057 801 magnateS,
1083 737 1138 782 et
1160 737 1290 798 post
1314 729 1486 781 multa
1510 729 1847 782 internuntia
1871 729 1939 780 ad
1965 729 2301 788 alterutrum,

296 819 610 871 altercatum
637 825 722 871 est
747 818 840 870 diu
864 824 986 869 uter
1011 834 1200 869 eorum
1225 816 1294 867 ad
1319 816 1548 868 alterum
1567 816 1794 868 transire
1816 814 2111 868 debuisset.
2168 813 2305 865 Erat

296 916 476 955 autem
503 903 762 956 transitus
789 901 1019 954 difficilis
1059 901 1374 954 difficultate
1399 901 1684 967 fluctuum,
1721 902 1818 954 sed
1855 919 1969 953 non
2001 901 2103 953 hac
2141 916 2304 952 causa

295 990 598 1054 conflictUS,
642 988 906 1057 allegabat
944 987 1303 1057 majoritatem
1334 987 1616 1052 LuelinUS‚
1641 987 1928 1056 paritatem
1955 986 2303 1051 EduuardUS,

293 1075 558 1126 Luelinus
609 1073 754 1144 quod
805 1073 889 1124 sui
938 1079 1111 1125 totam
1160 1072 1415 1142 Angliam
1465 1091 1591 1125 cum
1644 1072 1940 1137 Cornubia,
1991 1072 2190 1136 Scotia‚
2247 1079 2304 1124 et

291 1160 490 1211 Wallia
529 1157 928 1227 conquisissent
967 1176 999 1208 a
1035 1155 1343 1226 gigantibus
1385 1163 1440 1209 et
1481 1176 1536 1210 se
1579 1158 1880 1211 affirmabat
1918 1159 1975 1210 in
1999 1158 2301 1210 rectissimo

292 1245 557 1297 descensu
579 1243 869 1307 haeredem,
895 1242 1224 1293 Eduuardus
1251 1242 1398 1311 quod
1414 1261 1444 1294 a
1463 1244 1916 1313 conquestoribus
1938 1243 2050 1295 suis
2070 1262 2188 1296 eam
2216 1244 2301 1295 sui

289 1329 656 1382 obtinuissent
687 1336 1070 1380 antecessores.
1149 1328 1282 1380 Post
1299 1328 1527 1380 multam
1551 1327 1715 1397 igitur
1739 1327 2088 1397 praeliationis
2108 1328 2298 1392 rixam,

287 1415 560 1484 ingressus
582 1412 831 1484 cymbam
852 1413 1180 1465 Eduuardus
1202 1414 1270 1466 ad
1290 1414 1583 1467 Luelinum
1603 1413 1928 1483 properavit.
1992 1414 2097 1465 Est
2116 1421 2299 1466 autem

287 1499 364 1551 ibi
391 1498 617 1551 Sabrina
642 1498 845 1550 miliare
870 1497 1078 1550 habens
1103 1498 1160 1550 in
1184 1498 1375 1551 latum.
1448 1500 1657 1554 Videns
1694 1500 1877 1571 ipsum
1904 1508 1960 1553 et
1997 1518 2295 1570 agnoscens

290 1585 570 1649 LuelinuS‚
595 1584 837 1654 projecto
863 1583 1025 1652 pallio
1054 1583 1281 1648 solenni,
1307 1603 1432 1636 nam
1468 1603 1525 1637 se
1562 1586 1679 1638 foro
1705 1594 2002 1655 paraverat,
2028 1604 2202 1655 usque
2228 1586 2298 1637 ad

284 1679 476 1741 pectus
516 1670 790 1740 ingressus
831 1678 915 1722 est
954 1688 1148 1739 aquam
1188 1676 1244 1722 et
1282 1669 1533 1739 cymbam
1575 1672 1820 1724 corditer.
1845 1672 2175 1742 amplectens
2201 1670 2295 1735 ait,

285 1760 321 1786 “
338 1754 747 1824 Sapientissime
784 1772 896 1819 reX,
936 1761 1030 1805 tua
1065 1755 1343 1808 humilitas
1381 1775 1559 1810 meam
1596 1758 1728 1811 vicit
1765 1757 2091 1828 superbiam,
2131 1764 2186 1809 et
2212 1775 2294 1808 sa-

282 1842 487 1912 pientia
523 1840 880 1910 triumphavit
915 1839 1208 1910 ineptiam3
1247 1843 1447 1894 collum
1473 1843 1620 1912 quod
1646 1849 1834 1895 contra
1858 1850 1914 1894 te
1939 1843 2121 1894 fatuus
2148 1841 2294 1894 erexi

282 1927 560 1992 ascendeS‚
601 1934 657 1978 et
698 1925 774 1978 sic
813 1925 1039 1978 intrabis
1079 1934 1277 1979 terram
1318 1946 1479 1997 quam
1519 1927 1620 1979 tibi
1658 1928 1822 1980 hodie
1862 1935 2013 1980 tuam
2038 1927 2166 1980 fecit
2197 1926 2294 1979 be-

280 2013 569 2083 nignitas.''
683 2013 1092 2082 Acceptumque
1131 2013 1373 2066 humeris
1417 2030 1581 2082 super
1618 2013 1844 2082 pallium
1896 2031 2057 2065 suum
2108 2013 2292 2065 sedere

281 2099 426 2163 fecit,
453 2105 509 2150 et
542 2097 746 2167 junctis
773 2098 1023 2149 manibus
1060 2097 1164 2150 sibi
1188 2098 1316 2151 fecit
1339 2098 1668 2168 homagium.
1751 2099 1876 2152 Hoc
1900 2098 2117 2151 initium
2143 2098 2291 2168 pacis

281 2183 571 2253 egregium,
599 2183 694 2234 sed
719 2200 868 2234 more
893 2183 1234 2235 Walensium
1273 2184 1618 2237 observatum
1661 2192 1746 2237 est
1785 2203 1958 2254 usque
1998 2185 2067 2236 ad
2106 2192 2290 2254 potes·

280 2275 450 2319 tatem
474 2267 722 2319 nocendi.
800 2268 963 2320 Unde
997 2268 1132 2319 mihi
1165 2269 1392 2338 contigit
1415 2270 1744 2339 respondere
1785 2270 2094 2340 parabolam
2126 2269 2286 2321 beato

280 2353 562 2416 Thomae‚†
612 2361 746 2405 tunc
801 2352 1116 2405 cancellario
1165 2354 1393 2405 Domini
1442 2355 1567 2419 mei,
1616 2355 1755 2424 regis
1809 2354 2034 2406 Henrici
2084 2353 2288 2406 scilicet

281 2438 532 2491 secundi:
598 2436 845 2506 quaesivit
894 2456 925 2488 a
975 2455 1079 2501 me,
1130 2439 1222 2507 qui
1269 2440 1507 2492 marchio
1573 2459 1694 2492 sum
1744 2439 2113 2503 WalensibUS‚
2165 2457 2284 2508 quae

277 2524 435 2587 fides,
474 2523 531 2574 id
557 2530 640 2575 est
678 2521 927 2586 fidelitas,
968 2541 1173 2589 eorum,
1212 2531 1268 2576 et
1292 2525 1565 2593 quomodo
1593 2525 1737 2578 credi
1760 2524 2003 2593 possint:
2043 2523 2129 2575 cui
2163 2542 2282 2593 eg0,

281 2608 602 2661 “Exulabat
625 2607 683 2658 in
713 2607 890 2659 Gallia
917 2609 1124 2661 Franco
1153 2627 1316 2678 eques
1343 2609 1409 2662 ab
1435 2610 1793 2674 Allemannia,
1821 2609 1912 2679 qui
1937 2608 2160 2662 veniens
2186 2627 2283 2678 per

278 2695 517 2747 medium
543 2712 735 2746 nemus
769 2693 966 2744 Bihere
990 2692 1129 2745 vidit
1154 2694 1494 2747 Lodovicum
1519 2713 1699 2764 regem
1727 2693 1918 2746 Karoli
1941 2693 2114 2745 filium
2150 2693 2282 2745 insi-

277 2781 496 2832 dentem
522 2779 687 2849 lapidi
715 2779 908 2844 solum,
935 2787 1189 2849 ceperant
1214 2781 1358 2833 enim
1383 2782 1459 2833 ibi
1483 2780 1637 2851 pueri
1664 2780 1747 2832 sui
1784 2798 2020 2843 cervum,
2050 2797 2280 2848 cumque

275 2866 541 2917 vidissent
568 2865 732 2916 alium
757 2865 833 2917 ibi
858 2883 1076 2918 cervum
1102 2874 1492 2931 transeuntem,
1524 2867 1824 2919 insilientes
1863 2864 2047 2917 relicto
2088 2881 2152 2916 eo
2195 2881 2280 2915 se-

277 2950 390 3004 cuti
416 2956 544 3001 sunt
568 2967 801 3002 cervum.
880 2950 1172 3004 Quaerebat
1208 2960 1389 3006 autem
1427 2952 1577 3022 loqui
1617 2953 1683 3019 ei,
1724 2969 1823 3003 nec
1864 2948 2066 3002 sciebat
2097 2948 2274 3018 ipsum

329 3087 355 3112 ¹*
380 3090 488 3128 Aust
508 3089 637 3135 clive,
656 3101 747 3128 now
766 3088 897 3128 called
915 3089 1024 3128 Aust
1043 3089 1183 3141 Fert-y,
1202 3102 1249 3129 or
1303 3091 1437 3142 posite
1457 3090 1543 3130 side
1564 3090 1612 3130 of
1639 3091 1709 3129 the
1731 3090 1898 3129 Severn.
1955 3088 2057 3128 This
2076 3088 2275 3128 anecdote

274 3158 346 3197 the
367 3157 451 3197 Old
471 3157 659 3207 Passage.
718 3157 760 3195 It
784 3157 857 3195 has
886 3157 992 3196 been
1011 3157 1247 3197 mentioned
1301 3159 1337 3198 is
1358 3158 1514 3197 related
1533 3158 1576 3197 in
1595 3158 1715 3197 other
1730 3158 1909 3196 writers.

272 3227 413 3267 before
443 3229 486 3265 at
515 3238 558 3277 p.
595 3226 662 3268 76.
720 3225 927 3276 Beachley
945 3224 982 3264 is
1005 3237 1059 3264 on
1079 3225 1150 3264 the
1170 3236 1244 3277 op·
1353 3227 1384 3271 ἢ·
1411 3225 1591 3264 Thomas
1620 3225 1791 3273 Becket,
1812 3225 1902 3265 who
1931 3236 2012 3264 was
2041 3222 2278 3264 chancellor

1297 3291 1405 3331 from
1429 3293 1533 3331 1158
1555 3295 1599 3330 to
1622 3291 1742 3330 1163.
