2638 3860
338 417 438 462 242
1036 420 1348 457 GUALTEm
1390 418 1610 452 MAPEs.
2025 418 2222 467 [Distino.
2245 419 2297 456 V.

336 575 391 619 et
415 585 525 618 non
550 563 777 633 negavit.
853 561 982 611 Non
1006 559 1127 610 illos
1155 559 1273 610 dico
1312 557 1583 609 bursarios
1610 574 1746 624 quos
1791 556 1952 623 elegit
1989 573 2084 608 rex
2119 565 2182 608 ut
2220 556 2329 608 sint

336 650 574 703 omnium
603 646 815 710 summi,
843 645 937 696 sed
960 644 1081 695 illos
1109 661 1243 712 quos
1270 642 1326 693 in
1352 650 1539 693 nostra
1575 641 1791 709 propria
1832 640 2098 709 cupiditas
2125 649 2180 692 et
2204 658 2328 709 pro-

336 735 537 787 curatio
564 731 828 801 perduxit,
854 747 953 780 nec
979 728 1176 779 mirum
1212 727 1256 777 si
1283 745 1418 795 quos
1449 725 1638 776 Simon
1681 724 1738 775 in
1782 726 2021 793 regimen
2062 725 2328 793 provexit,

340 816 545 870 Simoni
572 821 884 884 supputant.
963 810 1090 862 Mos
1125 818 1207 862 est
1247 809 1665 878 negociatorum,
1691 815 1753 859 ut
1792 807 1937 876 quod
1977 815 2166 859 emunt
2201 827 2331 860 ven-

340 903 485 954 dant.
592 899 842 952 Probatio
879 897 1032 948 fortis
1071 904 1125 948 et
1165 903 1539 964 argumentum
1574 894 1800 963 justitiae
1839 893 1977 962 regis
2017 893 2190 945 nostri
2230 905 2331 959 est,

337 988 481 1056 quod
506 986 806 1055 quicunque
839 985 1043 1053 justam
1066 982 1269 1033 habent
1306 999 1521 1033 causam
1548 998 1725 1032 coram
1751 979 1870 1048 ipso
1898 979 2048 1048 cupit
2085 979 2331 1048 experiri,

338 1073 638 1141 quicunque
680 1089 900 1140 pravam
951 1087 1059 1120 non
1112 1067 1263 1120 venit
1318 1067 1384 1118 ad
1435 1066 1616 1134 ipsum
1660 1066 1766 1116 nisi
1809 1073 2028 1118 tractus.
2128 1067 2331 1135 Regem

340 1157 636 1209 Henricum
680 1154 976 1206 secundum
1034 1152 1171 1215 dico,
1216 1169 1376 1221 quem
1422 1150 1526 1202 sibi
1576 1150 1815 1219 judicem
1860 1151 2020 1220 elegit
2066 1151 2332 1220 Hispania

336 1243 531 1293 veteris
557 1248 612 1292 et
637 1239 864 1291 crudelis
907 1236 1283 1290 controversiae
1324 1254 1442 1303 quae
1468 1236 1777 1287 vertebatur
1816 1235 1957 1288 inter
1999 1254 2148 1304 reges
2174 1237 2332 1289 Tole-

336 1335 582 1377 tanorum
601 1333 654 1376 et
674 1325 980 1386 NavarraeJss
1000 1341 1120 1374 cum
1139 1321 1205 1372 ab
1224 1321 1446 1389 antiquo
1464 1339 1582 1371 mos
1604 1321 1766 1372 fuerit
1786 1323 2027 1373 omnium
2044 1340 2331 1391 regnorum

337 1412 527 1480 eligere
571 1410 770 1462 curiam
813 1409 1050 1460 Franciae
1087 1408 1442 1476 praeferreque
1482 1406 1706 1467 caeteriS‚
1739 1425 1885 1459 nunc
1923 1415 2104 1459 autem
2141 1409 2332 1460 merito

339 1497 510 1548 nostri
539 1496 676 1565 regis
703 1503 888 1547 nostra
920 1494 1141 1563 praelata
1164 1492 1267 1543 fuit
1302 1491 1576 1556 omnibus,
1603 1500 1656 1543 et
1683 1511 1841 1544 causa
1866 1501 2082 1545 vetusta
2106 1502 2333 1545 venuste

339 1582 530 1645 decisa,
557 1589 610 1632 et
644 1599 765 1632 cum
806 1579 922 1648 ipse
962 1579 1070 1629 fere
1113 1577 1259 1628 solus
1303 1576 1360 1628 in
1402 1577 1503 1629 hac
1545 1578 1682 1629 valle
1726 1577 1953 1630 miseriae
1988 1578 2218 1649 justitiae
2264 1579 2335 1630 sit

337 1667 581 1718 minister
622 1673 891 1734 accethS,
919 1662 1018 1714 sub
1065 1662 1161 1713 alis
1203 1662 1319 1730 ejus
1346 1662 1597 1713 venditur
1638 1670 1692 1714 et
1718 1663 1932 1715 emitur.
2009 1664 2126 1732 Ipsi
2151 1672 2333 1716 tamen

337 1753 400 1804 fit
426 1772 455 1804 a
480 1751 739 1803 ministris
773 1748 971 1818 iniquis
1015 1749 1311 1800 reverentia
1352 1748 1522 1816 major
1560 1766 1720 1817 quam
1748 1750 1901 1813 Deo;
1942 1749 2065 1818 quia
2103 1750 2247 1818 quod
2285 1750 2334 1802 ei

335 1857 443 1889 non
484 1844 715 1906 possunt
758 1834 1084 1886 abscondere
1124 1840 1268 1884 recte
1294 1832 1493 1884 facient
1534 1833 1780 1892 invitati;
1819 1835 1964 1903 quod
2003 1843 2183 1886 autem
2212 1837 2331 1888 Deo

340 1924 681 1975 manifestum
709 1921 886 1973 sciunt
911 1926 1230 1988 pervertere,
1257 1937 1368 1969 non
1393 1927 1680 1983 verentur3
1720 1921 1872 1971 Deus
1905 1921 2048 1972 enim
2077 1940 2224 1973 serus
2252 1932 2336 1975 est

340 2009 499 2072 ultor,
536 2007 624 2059 hic
649 2007 823 2058 velox.
900 2006 1028 2056 Non
1069 2005 1126 2055 in
1153 2022 1341 2056 omnes
1380 2004 1571 2072 loquor
1608 2004 1834 2073 judices,
1862 2006 1956 2057 sed
1981 2006 2038 2057 in
2077 2009 2335 2076 majorem

341 2102 395 2146 et
425 2094 477 2144 in
519 2092 844 2143 insaniorem
869 2098 1095 2159 partem.
1170 2089 1415 2140 Audistis
1440 2089 1709 2141 infernum
1737 2097 1792 2142 et
1829 2091 2109 2159 parabolas
2126 2113 2140 2157 3
2169 2093 2336 2146 obvo-

338 2179 569 2230 lutiones
610 2185 787 2229 autem
829 2176 1053 2244 ignium,
1096 2175 1320 2226 nebulas
1362 2183 1416 2225 et
1441 2175 1688 2226 foetorem
1732 2176 2005 2244 anguium,
2031 2178 2332 2246 viperarum

343 2263 512 2328 sibila,
545 2263 776 2331 gemitus
812 2269 867 2313 et
890 2261 1205 2330 lachrymas,
1232 2259 1528 2311 foeditatem
1555 2267 1609 2311 et
1633 2261 1911 2313 horrorem
1939 2280 2033 2331 per
2059 2263 2267 2333 singula
2293 2267 2339 2318 si

342 2349 636 2400 secundum
663 2347 967 2416 allegoriam
993 2346 1197 2415 aperire
1235 2347 1314 2397 fas
1360 2354 1460 2409 est,
1487 2364 1597 2397 non
1639 2347 1809 2398 deerit
1834 2347 1963 2416 quid
1991 2348 2214 2415 dicatur,
2242 2351 2338 2403 sed

340 2435 666 2503 parcendum
722 2442 806 2485 est
857 2433 1034 2496 curiae,
1091 2440 1219 2483 sunt
1274 2432 1434 2484 etiam
1486 2432 1742 2500 longioris
1789 2434 1947 2502 spatii
2000 2453 2160 2504 quam
2204 2438 2338 2489 mihi

341 2538 525 2572 vacare
550 2520 791 2583 videam3
833 2519 927 2571 sed
952 2537 982 2569 a
1007 2517 1276 2587 praedictis
1314 2517 1497 2568 inferri
1533 2526 1715 2586 potest
1741 2520 1885 2588 quod
1911 2521 2055 2572 curia
2080 2521 2228 2574 locus
2256 2531 2339 2576 est

343 2606 565 2674 poenalis
585 2627 598 2670 3
636 2606 905 2658 infernum
933 2623 1050 2655 eam
1076 2622 1187 2655 non
1214 2603 1350 2665 dico,
1381 2604 1474 2655 sed
1500 2604 1610 2655 fere
1644 2611 1850 2656 tantam
1876 2605 2041 2657 habet
2064 2607 2131 2658 ad
2156 2607 2337 2676 ipsum

345 2691 747 2743 similitudinem
775 2698 1027 2759 quantam
1055 2689 1195 2759 aequi
1229 2690 1428 2741 ferrum
1470 2690 1537 2740 ad
1563 2708 1731 2759 equae.
1808 2691 1925 2742 Rex
1951 2699 2131 2744 autem
2157 2694 2248 2763 huj
2260 2714 2338 2760 us,

346 2776 390 2827 si
415 2776 551 2828 bene
595 2777 749 2828 novit
788 2795 924 2839 eam,
949 2794 1060 2827 non
1105 2783 1189 2827 est
1232 2794 1262 2826 a
1307 2775 1572 2827 calumnia
1613 2776 1765 2840 liber,
1791 2776 1915 2846 quia
1940 2778 2032 2846 qui
2055 2787 2229 2831 rector
2254 2788 2339 2832 est

344 2869 558 2913 tenetur
583 2881 699 2914 esse
740 2870 1022 2914 corrector.
1098 2862 1204 2913 Sed
1245 2862 1382 2912 forte
1410 2861 1501 2929 qui
1542 2879 1663 2912 cum
1703 2861 1822 2930 ipso
1859 2872 2102 2931 praesunt
2144 2866 2338 2918 nolunt

344 2965 460 2998 eam
486 2967 749 3013 accusare,
774 2967 843 3000 ne
868 2949 961 2999 fiat
988 2948 1054 2999 ab
1079 2949 1198 3016 ipso
1226 2947 1426 3016 purior,
1452 2947 1706 3016 quoniam
1746 2948 1803 2999 in
1829 2967 1964 3018 aqua
1989 2950 2203 3003 turbida
2227 2953 2339 3022 pis-

345 3041 531 3084 cantur
565 3033 798 3097 uberiUS,
825 3042 879 3085 et
903 3033 1008 3102 ipsi
1032 3033 1284 3085 nesciunt
1317 3034 1462 3102 quod
1491 3033 1591 3084 sub
1619 3034 1695 3084 eis
1721 3033 1784 3085 fit
1809 3053 1907 3086 nec
1932 3035 2048 3104 ipse
2074 3055 2167 3088 rex
2194 3040 2338 3107 quod

345 3117 449 3186 ipsi
473 3119 675 3171 faciunt
700 3120 790 3188 qui
816 3126 1140 3188 potestatem
1165 3119 1384 3171 habent.
1459 3119 1553 3170 Ait
1577 3120 1868 3184 Dominus,
1894 3121 2121 3175 benefici
2144 3143 2340 3177 vocan-

402 3250 427 3276 *
455 3253 540 3291 The
578 3254 737 3304 quarrel
775 3253 954 3292 between
999 3252 1069 3291 the
1114 3253 1234 3303 kings
1272 3253 1318 3292 of
1372 3252 1491 3294 1177.
1567 3254 1641 3293 See
1680 3255 1815 3305 Roger
1853 3257 1903 3295 de
1938 3257 2148 3307 Hoveden,
2188 3260 2338 3299 Annal.

352 3318 500 3358 Castile
530 3321 610 3358 and
629 3321 811 3359 Navarre
831 3333 911 3359 was
939 3320 1158 3359 submitted
1182 3325 1225 3359 to
1245 3322 1313 3360 the
1368 3334 1411 3371 p.
1434 3320 1526 3367 561,
1546 3320 1637 3359 who
1656 3321 1728 3359 has
1757 3322 1877 3372 given
1910 3323 1979 3362 the
2014 3323 2253 3364 documents
2274 3338 2338 3364 re-

347 3388 564 3426 mediation
603 3389 648 3426 of
679 3389 821 3439 Henry
860 3389 922 3426 II.
964 3389 1011 3426 of
1045 3389 1233 3437 England
1269 3389 1311 3427 in
1368 3387 1496 3437 lating
1515 3393 1558 3426 to
1578 3388 1659 3426 this
1680 3392 1941 3440 controversy
1959 3395 2001 3428 at
2019 3404 2130 3430 some
2150 3392 2302 3442 length.
