2638 3860
336 402 405 446 44
1051 403 1359 439 GUALTERI
1402 402 1601 436 MAPES
2040 402 2232 452 [Distinc.
2257 401 2292 439 I.

528 747 822 800 Incidentz’a
846 745 1088 811 mayistri
1118 743 1338 794 Gauterz‘
1364 743 1568 807 Mahap
1596 741 1658 791 de
1682 741 1970 791 monachia.
1998 758 2123 792 xxv.

405 845 660 898 Monachi
686 853 795 895 tam
821 842 924 893 albi
951 860 1110 910 quam
1137 840 1287 908 nigri,
1320 840 1457 891 sicut
1495 839 1644 890 nisus
1684 838 1928 889 alaudam
1961 838 2219 903 territam,
2245 839 2320 892 ita

330 932 563 1002 praedam
591 949 741 982 suam
767 935 1083 998 agnoscunt,
1108 926 1303 978 milites
1333 925 1533 977 scilicet
1558 943 1693 994 quos
1722 923 2031 993 deplumare
2069 933 2322 993 possunt,

330 1018 420 1086 qui
445 1017 529 1068 vel
554 1015 995 1085 patrimoniorum
1022 1030 1240 1065 suorum
1281 1018 1690 1080 consumptores
1732 1017 1875 1074 sunt,
1902 1010 1986 1062 vel
2029 1010 2322 1079 compediti

331 1101 539 1153 debitis.
618 1101 737 1152 Hos
776 1099 1031 1162 alliciunt,
1070 1106 1124 1150 et
1162 1097 1228 1148 ad
1260 1097 1524 1149 camineas
1565 1114 1687 1147 suas
1731 1115 1762 1147 a
1804 1095 2032 1164 strepitu
2080 1115 2320 1148 seorsum

330 1187 395 1239 ab
422 1185 724 1256 hospitibus
752 1184 1005 1247 caritatiS,
1031 1182 1085 1234 id
1127 1191 1210 1235 est
1250 1181 1571 1252 pumicibus,
1597 1182 1755 1250 longe
1796 1181 2000 1233 deliciis
2043 1182 2323 1234 affluenter

333 1273 611 1336 exhibunt,
637 1270 983 1322 blandissime
1003 1276 1288 1338 precantur
1303 1276 1365 1320 ut
1385 1269 1689 1337 frequenter
1709 1286 1800 1319 eos
1821 1268 2060 1332 visitent,
2081 1277 2135 1320 et
2160 1269 2322 1337 hujus

333 1358 433 1410 sibi
461 1358 730 1427 spondent
755 1363 1039 1426 apparatus
1061 1355 1356 1407 cotidianos
1378 1362 1432 1406 et
1449 1355 1630 1406 vultus
1659 1372 1869 1423 semper
1889 1354 2100 1418 hilareS,
2121 1354 2321 1423 jejunis

330 1445 623 1497 ostendunt
684 1442 937 1506 officinaS,
989 1459 1336 1510 quoscunque
1399 1448 1631 1509 possunt
1683 1440 1740 1491 in
1791 1458 1976 1492 eorum
2028 1449 2324 1510 conspectu

331 1531 608 1581 thesauros
643 1528 928 1580 effundunt
965 1526 1273 1578 monasterii
1318 1526 1570 1594 quatinus
1610 1526 1911 1590 videantur,
1954 1534 2009 1578 et
2051 1544 2201 1595 spem
2247 1527 2323 1579 eis

332 1615 626 1679 excitarint,
654 1613 890 1665 defectus
917 1630 1102 1664 eorum
1131 1611 1378 1681 supplere
1417 1611 1759 1680 promittunt,
1787 1612 1853 1662 ad
1880 1611 2065 1663 altaria
2091 1612 2325 1681 rapiunt,

331 1701 556 1752 edocent
582 1699 773 1768 quibus
813 1697 1002 1762 dicata,
1042 1705 1174 1766 quot
1213 1696 1661 1749 celebrationibus
1699 1697 2035 1748 honorentur
2075 1698 2323 1762 assidue3

328 1786 512 1836 fratres
540 1803 630 1836 eos
655 1785 711 1836 in
737 1783 970 1853 capitulo
997 1783 1351 1848 constituunt,
1390 1791 1445 1835 et
1488 1782 1789 1834 orationum
1829 1782 2134 1853 participeS,
2164 1783 2324 1836 modo

332 1870 533 1934 dicunt,
562 1878 621 1922 ut
645 1870 718 1921 ait
741 1868 1014 1938 Virgilius,

854 1970 905 2008 In
923 1973 1076 2008 tectum
1096 1969 1130 2008 si
1149 1969 1290 2008 messis
1311 1970 1388 2007 erit
1407 1969 1534 2019 frigus
1554 1969 1596 2007 in
1614 1968 1804 2008 umbra.*

333 2049 590 2102 Monachi
640 2049 827 2118 nigri,†
877 2067 982 2117 quo
1031 2049 1204 2101 bonos
1259 2049 1461 2100 habent
1527 2049 1787 2101 Basilium
1849 2057 1907 2102 et
1970 2049 2326 2102 Benedictum

334 2143 592 2198 auctoreS,
618 2135 815 2187 nostris
842 2134 1043 2186 habent
1067 2153 1239 2187 novos
1274 2135 1568 2187 imitatores
1607 2135 1960 2205 temporibUS‚
1987 2135 2078 2205 qui
2105 2144 2160 2188 et
2186 2135 2327 2187 ordi-

335 2239 457 2273 nem
483 2220 833 2289 profiteantur
859 2220 1108 2283 eundem,
1135 2221 1289 2272 etde
1328 2239 1425 2272 suo
1453 2222 1696 2290 quaedam
1724 2222 1948 2274 arctiora
1973 2221 2325 2274 ferventiores

332 2306 595 2375 adjiciant,
623 2325 756 2375 quos
794 2325 894 2358 nos
933 2306 1018 2358 vel
1055 2306 1205 2358 albos
1244 2307 1586 2359 nominamus
1629 2308 1922 2360 monachos
1961 2308 2046 2359 vel
2083 2308 2323 2377 grisos;‡

331 2392 461 2461 nigri
489 2391 691 2444 habent
715 2393 966 2461 regulam,
995 2392 1138 2461 quod
1165 2393 1451 2446 vilissimos
1478 2394 1704 2446 induant
1732 2414 1842 2447 suae
1878 2395 2169 2465 provinciae
2195 2413 2328 2464 pan-

332 2495 451 2541 nOS,
477 2486 532 2529 et
557 2497 620 2530 ex
649 2478 1047 2547 dispensatione
1075 2478 1310 2548 pellicias
1350 2480 1600 2548 agninas3
1641 2488 1822 2533 tamen
1864 2482 1971 2533 albi
2010 2489 2073 2532 ut
2115 2481 2326 2550 qualem

333 2562 445 2613 ovis
471 2572 750 2632 gesserunt
773 2565 951 2615 lanam
978 2572 1180 2616 textam
1206 2564 1425 2628 habent,
1452 2565 1609 2617 alieni
1631 2565 1823 2618 coloris
1844 2566 2101 2628 nesciam,
2122 2573 2177 2617 et
2202 2584 2324 2616 cum

334 2647 398 2698 de
423 2647 644 2715 pelliciis
670 2648 849 2717 nigros
887 2648 1178 2712 derideant,
1206 2649 1449 2717 plurimis
1496 2657 1550 2700 et
1586 2649 1917 2700 suavissimis
1957 2649 2234 2700 abundant
2260 2650 2327 2700 ad

333 2732 780 2800 aequipollentiam
805 2732 1020 2795 tunicis,
1047 2733 1191 2801 quod
1227 2733 1271 2783 si
1312 2751 1422 2784 non
1461 2751 1491 2783 a
1525 2732 1846 2784 tinctoribus
1878 2733 2170 2802 rapiantur,
2195 2733 2329 2785 fiant

335 2817 401 2866 ad
441 2834 624 2885 regum
670 2817 882 2868 delicias
928 2824 988 2869 et
1038 2817 1339 2885 principum
1385 2818 1634 2887 pretiosae
1680 2819 1933 2871 scarletae.
2009 2819 2164 2888 Nigri
2204 2838 2325 2871 cum

337 2901 508 2952 Maria
535 2920 686 2954 secus
712 2903 876 2971 pedes
903 2902 1128 2954 Domini
1154 2902 1378 2954 verbum
1405 2903 1648 2967 audiunt,
1676 2922 1775 2956 nec
1807 2905 1873 2955 ad
1913 2905 2326 2957 sollicitudinem

389 3042 414 3068 *
442 3044 538 3082 This
565 3045 661 3092 line,
693 3045 822 3083 which
854 3045 991 3084 stands
1024 3045 1119 3084 thus
1152 3046 1195 3083 in
1228 3046 1297 3084 the
1406 3047 1435 3091 ψ
1463 3047 1551 3085 The
1574 3047 1834 3087 Benedictine
1855 3049 2013 3088 monks.

340 3108 445 3154 MS.,
466 3123 631 3160 appears
651 3118 693 3151 to
711 3113 762 3152 be
781 3126 803 3151 a
822 3113 1057 3164 corruption
1083 3114 1129 3152 of
1155 3114 1293 3164 Virgil,
1407 3115 1430 3162 ss
1460 3115 1546 3153 The
1567 3115 1812 3154 Cistercians
1836 3129 1939 3155 were
1967 3117 2324 3168 indiscriminately

343 3177 369 3194 “
394 3177 498 3214 Ante
517 3178 665 3227 focum,
685 3181 719 3219 si
747 3181 870 3231 frigus
899 3182 987 3229 erit,
1018 3182 1052 3219 si
1081 3182 1236 3229 messis,
1256 3182 1299 3220 in
1354 3183 1497 3221 named
1517 3184 1639 3222 white
1658 3186 1799 3223 monks
1820 3197 1866 3223 or
1881 3197 1984 3236 yrey
2001 3187 2155 3224 monks.

447 3245 634 3283 umbra.‘'
958 3250 1046 3288 Ecl.
1066 3263 1104 3288 v.
1127 3250 1155 3288 l.
1181 3249 1243 3289 70.
