2638 3860
386 337 487 390 Cap.
507 336 613 387 xix.]
992 338 1071 372 DE
1113 336 1296 373 NUGIS
1338 336 1714 375 CURIALmM.
2292 329 2361 377 93

361 462 456 514 sed
500 481 531 514 a
574 480 772 515 corona
814 462 1061 515 calvitiei.
1140 463 1306 516 Porro
1346 464 1532 517 multae
1572 471 1700 517 sunt
1732 464 1923 519 vicinae
1962 464 2141 519 Scotis
2178 465 2371 519 insulae

359 547 553 618 quibus
582 548 806 619 singulis
832 549 1000 619 reguli
1026 558 1284 619 praesunt,
1313 569 1546 620 quorum
1569 570 1712 604 unus
1741 552 1894 621 cujus
1916 551 2130 604 duobus
2156 560 2370 606 tanturn

360 635 634 687 distabata
651 635 832 687 Scotia
849 635 1065 688 milibus
1077 635 1240 705 regiO,
1251 636 1333 689 vir
1341 637 1623 690 laudabilis
1639 638 1937 690 secundum
1955 657 2107 690 suam
2125 639 2372 692 militiam

358 721 737 790 improbitatis,
764 722 1010 792 praedicti
1038 721 1271 775 Gillonis
1298 722 1525 775 amicam
1551 723 1730 793 rapuit
1754 723 1813 776 in
1840 725 2160 777 antelucano
2196 725 2370 778 domi-

358 808 493 861 nicae
521 807 656 874 diei3
699 808 843 878 quod
884 808 1001 878 ipse
1039 808 1172 861 hora
1209 809 1454 878 ejusdem
1494 809 1600 863 diei
1636 809 1811 879 prima
1834 810 2143 864 rumoribus
2169 811 2369 864 auditis

357 902 469 946 tam
494 894 661 947 ferine
687 894 829 957 tulit,
855 902 918 946 ut
942 893 1263 947 inconsultis
1302 894 1487 947 amicis
1527 913 1638 947 non
1677 903 1960 965 expectata
1999 897 2089 950 vel
2131 898 2371 968 expetita

355 999 510 1045 nave,
536 980 756 1032 inermis
783 987 1010 1049 excepto
1035 980 1234 1049 gladic,
1269 979 1473 1033 braccis
1499 980 1557 1032 in
1596 981 1725 1032 sella
1761 981 1925 1047 fissiS,
1952 989 2144 1035 caetera
2168 984 2368 1050 nudus,

356 1068 577 1120 auderet
602 1076 833 1136 pontum
858 1066 1091 1135 aggredi,
1119 1065 1298 1135 seipso
1324 1084 1457 1118 usus
1495 1066 1665 1132 clavo,
1707 1068 1926 1137 remige,
1964 1076 2021 1121 et
2044 1070 2184 1134 ve10,
2221 1070 2368 1123 idem

356 1154 509 1206 navis
536 1161 591 1206 et
615 1160 791 1205 rector
816 1152 952 1221 eJUS,
979 1151 1243 1204 exercitus
1270 1151 1326 1203 in
1353 1152 1568 1205 hostem
1595 1159 1651 1205 et
1688 1153 1817 1218 dux,
1850 1161 1906 1206 et
1931 1173 2055 1207 cum
2092 1155 2149 1208 in
2187 1156 2370 1209 omnia

356 1240 596 1291 timenda
632 1256 874 1308 praeceps
913 1238 1081 1290 irruat
1120 1255 1304 1290 secure
1331 1237 1526 1290 transit
1554 1245 1610 1290 et
1637 1238 1889 1308 applicat.
1967 1240 2116 1293 Pone
2143 1242 2367 1294 domum

351 1326 582 1395 raptoris
622 1325 753 1389 adit,
794 1324 1036 1393 clamque
1076 1341 1174 1393 per
1213 1324 1456 1376 foramen
1497 1323 1772 1377 modicum
1812 1324 2192 1394 introspiciens
2226 1327 2368 1381 inter

352 1420 622 1466 trecentos
673 1419 768 1463 aut
817 1411 999 1480 plures
1050 1411 1304 1463 convivas
1355 1410 1583 1463 amicam
1636 1429 1790 1463 suam
1840 1412 2178 1481 amplexibus
2226 1415 2366 1485 regis

351 1500 648 1552 haerentem
674 1499 839 1551 videt.
917 1497 1099 1549 Insilit
1122 1497 1286 1566 igitur
1310 1504 1552 1550 amenter
1576 1496 1931 1566 improviduS,
1948 1516 2164 1568 unoque
2183 1517 2364 1569 regern

350 1587 463 1639 ictu
489 1592 831 1638 consummat
856 1591 912 1636 et
938 1584 1104 1637 exilit.
1182 1583 1441 1637 Convivae
1481 1591 1720 1652 stupent,
1760 1591 1815 1635 et
1853 1583 2073 1653 quidam
2112 1585 2364 1638 morienti

352 1672 615 1735 dolenteS,
637 1689 771 1741 quos
793 1677 974 1721 autem
1000 1668 1170 1737 magis
1190 1666 1472 1737 improbus
1495 1666 1823 1719 accendebat
1837 1666 1894 1719 in
1914 1667 2244 1721 iracundiam
2265 1671 2363 1723 do-

349 1758 432 1809 lor
448 1757 608 1808 armis
628 1756 882 1826 prosequi
902 1756 1194 1824 elegerunt.
1271 1754 1371 1806 Ille
1397 1771 1494 1823 per
1518 1753 1759 1806 medium
1784 1753 2015 1823 aequoris
2040 1755 2277 1824 gladium
2303 1757 2360 1809 in

348 1862 514 1895 manu
552 1850 831 1895 cruentum
882 1849 1075 1893 tenens
1120 1847 1311 1891 natatu
1357 1839 1518 1891 saluti
1557 1840 1809 1904 consulit,
1853 1840 2024 1892 instar
2057 1842 2172 1910 apri
2198 1860 2360 1911 quem

350 1948 508 1983 canes
526 1928 796 1981 oblatrant
816 1927 1046 1991 eminus,
1073 1944 1208 1996 quos
1229 1944 1260 1977 a
1279 1943 1572 1994 congressu
1589 1924 1877 1977 vulnerum
1896 1933 2042 1978 arcet
2059 1926 2239 1992 timor,
2259 1936 2315 1981 et
2329 1947 2362 1981 a

351 2024 528 2086 coepto
540 2014 798 2068 desistere
814 2031 1004 2066 rancor
1019 2011 1186 2064 animi
1201 2030 1310 2064 non
1322 2010 1606 2081 permittit.
1627 2010 1862 2063 Duobus
1875 2019 2058 2064 tamen
2074 2012 2131 2064 in
2146 2031 2361 2083 aequore

349 2101 613 2156 confossis
641 2100 788 2153 domi
812 2108 965 2152 tutus
990 2099 1206 2163 residet,
1233 2097 1603 2150 audacissimae
1629 2097 1887 2150 novitatis
1915 2107 1970 2151 et
2002 2099 2362 2153 acerbissimae

349 2195 535 2241 auctor
559 2186 797 2239 ultionis.
877 2186 1031 2237 Idem
1054 2185 1275 2237 domino
1297 2203 1396 2236 suo
1417 2183 1529 2252 regi
1551 2183 1764 2248 Scotiae,
1786 2202 1909 2236 cum
1928 2203 2028 2254 pro
2047 2185 2360 2240 infirmitate

347 2292 458 2326 non
484 2282 671 2343 posset
694 2270 946 2323 hostibus
973 2270 1188 2322 obviarn
1212 2269 1289 2321 ire
1310 2277 1446 2333 tute,
1467 2270 1767 2338 respondit,
1793 2274 1829 2299 “
1844 2270 2101 2336 Domine,
2121 2271 2239 2324 loco
2258 2279 2356 2325 tuo

347 2377 434 2411 me
461 2359 683 2410 mittens
710 2375 829 2409 oras
867 2364 929 2408 ut
965 2355 1104 2408 bene
1142 2373 1411 2425 pugnem:
1454 2373 1673 2407 securus
1713 2363 1830 2408 esto
1870 2356 2016 2425 quod
2054 2357 2356 2427 cuicunque

346 2446 502 2498 cedat
526 2444 653 2496 belli
676 2442 900 2496 victoria
926 2441 1025 2494 tibi
1051 2441 1190 2506 dico,
1215 2441 1303 2494 vel
1327 2440 1580 2493 hostibus
1607 2459 1704 2510 ego
1733 2442 1799 2493 de
1824 2441 2074 2493 laudibus
2108 2442 2354 2496 omnium

345 2530 747 2601 triumphab0.”
800 2530 876 2581 Et
901 2527 1255 2597 triumphavit
1279 2527 1424 2578 idem
1444 2545 1569 2579 cum
1589 2527 1791 2579 multos
1811 2527 1868 2578 in
1889 2528 2070 2596 fugam
2091 2529 2355 2597 coegisset

343 2621 531 2672 hostes
556 2617 747 2681 victor,
774 2614 1016 2667 cruribus
1042 2614 1344 2683 perforatiS,
1369 2614 1478 2665 lata
1514 2613 1715 2678 lancea,
1756 2613 1915 2666 sociis
1955 2614 2022 2665 ad
2062 2614 2233 2683 spolia
2269 2634 2354 2668 re-

344 2704 504 2768 lictis,
529 2702 765 2754 inviteris
794 2701 963 2752 hastae
989 2700 1155 2770 pedes
1183 2699 1414 2764 redienS,
1441 2717 1563 2751 curn
1593 2718 1623 2750 a
1649 2699 1761 2751 suis
1801 2699 2153 2769 complicibus
2192 2708 2247 2753 et
2284 2701 2353 2754 ab

346 2808 532 2842 eorum
549 2796 692 2841 esset
705 2794 945 2840 remotus
963 2784 1264 2849 obtutibus,
1274 2783 1599 2836 insiluerunt
1615 2783 1670 2835 in
1687 2802 1810 2836 eum
1828 2784 2009 2837 subito
2026 2792 2133 2836 tres
2142 2786 2354 2855 pedites

346 2893 414 2928 ex
436 2873 612 2937 victiS,
651 2873 857 2942 primus
895 2872 1097 2935 lancea,
1138 2871 1406 2923 secundus
1445 2870 1681 2939 cnipulO,
1719 2870 1909 2922 tertius
1947 2889 2091 2935 που,
2128 2870 2350 2924 inermis

345 2962 434 3013 ille
453 2961 638 3011 lancea
656 2967 898 3028 excepta.
976 2957 1082 3009 Sed
1104 2964 1159 3009 et
1182 2956 1255 3008 illi
1279 2963 1476 3025 praeter
1500 2956 1774 3026 praedicta.
1838 2956 2080 3008 Primum
2106 2956 2269 3027 igitur
2292 2958 2350 3011 in

347 3047 583 3099 adventu
606 3044 790 3096 lancea
816 3043 1042 3112 suscipit
1065 3043 1424 3094 transfossum
1451 3041 1510 3093 in
1536 3059 1644 3106 cor,
1671 3049 1726 3093 et
1753 3061 1850 3094 sua
1876 3041 2092 3094 sinistra
2111 3042 2351 3096 lanceam

343 3133 515 3203 ipsius
542 3129 752 3193 avertit,
773 3136 827 3181 et
849 3147 1001 3179 suam
1028 3127 1313 3180 extrahens
1339 3127 1530 3196 recipit
1562 3128 1858 3180 secundum
1884 3147 1982 3198 per
2004 3128 2241 3182 medium
2267 3129 2352 3181 in-

346 3219 521 3290 guinis
539 3239 553 3282 3
581 3216 772 3269 tertius
792 3215 975 3284 ipsum
1002 3213 1329 3265 titubantem
1350 3212 1604 3282 repperit,
1626 3220 1681 3265 et
1699 3214 2096 3283 parvipendens
2113 3214 2353 3285 amplex-

346 3313 466 3357 atus
494 3311 579 3357 est
605 3322 728 3357 eum
750 3301 901 3371 quasi
928 3300 1128 3370 eligens
1154 3299 1299 3352 hosti
1324 3317 1422 3368 pro
1439 3306 1570 3352 voto
1598 3306 1846 3353 mortem.
1923 3300 2022 3353 Ille
2042 3308 2224 3354 autem
2248 3300 2350 3353 im-
