2638 3860
402 396 502 443 204
1105 401 1416 438 GUALTERI
1447 400 1670 435 MAPEs·
2103 399 2304 450 [Distine.
2327 399 2380 437 V.

400 547 592 599 divinae
619 544 915 615 supposuit.
980 528 1078 594 ¹Illi
1105 550 1284 594 autem
1309 541 1365 592 in
1393 540 1477 592 die
1505 538 1740 591 secundo
1781 557 1812 590 a
1836 539 2222 591 mercatoribus
2251 540 2389 590 Pan-

398 633 572 684 noniae
597 632 865 700 vagientes
903 629 1108 681 inventi
1136 638 1279 691 sunt,
1307 634 1362 678 et
1408 625 1473 677 ab
1519 626 1903 694 Hungarorum
1942 642 2064 693 rege
2101 623 2387 692 redempti,

399 728 454 769 et
478 718 542 767 ad
564 716 885 767 avunculum
913 731 1070 764 suum
1100 713 1290 763 ducem
1316 709 1546 762 remissi.
1621 709 1698 759 At
1721 708 1778 759 in
1804 709 1903 760 hac
1931 708 2059 777 quid
2085 709 2212 760 fecit
2239 708 2392 760 God-

398 801 565 852 winus
591 800 948 868 tempestate?
986 798 1155 849 multa
1180 804 1236 848 et
1253 795 1428 847 valida
1453 813 1617 845 manu
1637 793 1870 844 militum
1898 794 2120 845 collecta
2144 793 2392 844 Edmun-

398 885 525 935 dum
563 884 814 935 Edelredi
839 884 1007 934 filium
1035 881 1332 944 advocavit,
1359 887 1414 931 et
1438 878 1749 948 properanti
1775 885 1962 930 contra
1983 897 2077 930 eos
2104 885 2392 929 occurrunt

397 969 614 1021 Chnuto
664 970 806 1037 apud
856 969 1126 1020 Durherst
1174 967 1230 1017 in
1279 965 1416 1018 valle
1469 963 1825 1015 Gloucestriae
1879 981 2040 1032 super
2092 962 2393 1015 Sabrinam.

395 1055 564 1105 Erant
588 1054 713 1106 hinc
736 1054 861 1105 inde
888 1052 1137 1122 dispositi
1153 1052 1220 1103 ad
1245 1050 1447 1102 bellum
1467 1048 1623 1101 cunei
1649 1057 1703 1099 et
1728 1049 2020 1117 phalanges
2038 1048 2389 1112 exercituum,

395 1140 564 1207 major
603 1139 807 1191 Chnuti
834 1139 924 1208 qui
951 1138 1231 1190 dimidium
1250 1136 1457 1205 Angliae
1485 1154 1608 1187 cum
1635 1134 1799 1186 Dacis
1827 1133 2139 1185 adduxerat.
2212 1133 2391 1184 Time-

394 1223 525 1275 bant
573 1232 752 1276 autem
803 1225 941 1276 Daci
993 1224 1168 1275 bonos
1219 1231 1274 1275 et
1322 1222 1486 1273 iratos
1538 1220 1886 1283 adversariOS,
1938 1227 1993 1271 et
2042 1238 2258 1272 causam
2307 1218 2391 1270 in-

388 1309 589 1377 justam
634 1310 718 1361 cui
757 1311 869 1361 sola
905 1309 1340 1378 patrocinabatur
1378 1306 1633 1370 aviditas3
1681 1305 1960 1357 Chnutum
2011 1305 2079 1356 ad
2126 1305 2390 1356 rationem

393 1403 620 1462 ponunt,
658 1403 720 1446 ut
756 1414 867 1447 non
918 1395 1086 1447 totius
1142 1394 1406 1446 exercitus
1461 1392 1557 1445 sed
1594 1391 1755 1442 unius
1804 1390 2041 1442 hominis
2095 1397 2392 1441 attentetur

393 1479 588 1544 obitus,
655 1481 852 1550 fiatque
916 1498 1015 1549 pro
1083 1479 1224 1531 bello
1301 1478 1559 1542 duellum,
1626 1484 1681 1528 et
1743 1476 1915 1528 victor
1970 1475 2121 1544 pugil
2170 1474 2391 1527 domino

391 1581 488 1616 suo
531 1583 753 1634 regnum
795 1566 1052 1628 obtineat,
1102 1564 1308 1617 caeteris
1357 1563 1415 1614 in
1452 1580 1583 1631 pace
1611 1561 1864 1613 dimissis.
1937 1561 2147 1612 Placuit
2171 1560 2388 1629 utrique

390 1650 528 1717 parti
577 1669 769 1715 sermo,
809 1651 1119 1719 bonumque
1168 1650 1345 1701 visum
1386 1656 1470 1700 est
1507 1648 1799 1699 Edmundo
1839 1647 2078 1716 seipsum
2116 1663 2390 1714 opponere

390 1734 640 1802 periculo,
692 1754 791 1788 nec
840 1754 937 1804 pro
1001 1754 1057 1787 se
1111 1753 1301 1804 passus
1353 1733 1565 1785 admitti
1625 1732 1881 1801 pugilem.
1958 1733 2083 1792 Quo
2138 1731 2390 1783 Chnutus

391 1819 590 1882 audito,
642 1821 849 1872 censuit
903 1822 959 1872 in
1027 1821 1242 1890 propria
1291 1819 1656 1871 dimicandum
1704 1836 1952 1886 persona,
2004 1817 2256 1885 quatinus
2307 1818 2391 1868 in-

391 1903 575 1954 formis
613 1904 752 1956 absit
787 1905 1080 1973 imparitas,
1114 1922 1211 1973 par
1254 1904 1398 1955 enim
1442 1903 1748 1971 congressio
1792 1920 1978 1970 regum
2005 1909 2060 1953 et
2084 1901 2222 1953 bene
2261 1920 2388 1953 con-

394 2006 540 2039 sona.
616 1990 791 2041 Factis
832 1990 993 2058 igitur
1013 2008 1134 2041 cum
1162 1988 1341 2040 debita
1378 1988 1697 2039 solennitate
1724 2005 1841 2056 quae
1869 1987 1936 2037 ad
1962 2005 2074 2038 rem
2095 1987 2387 2056 pertinent,

394 2070 531 2135 datis
565 2073 813 2138 induciis,
839 2073 1173 2138 custodibus,
1213 2072 1428 2123 armatis
1461 2071 1687 2136 duabus,
1714 2070 1922 2140 cymbis
1961 2089 1989 2122 e
2026 2070 2236 2122 diverso
2282 2071 2390 2122 col-

393 2155 486 2207 lati
506 2157 831 2208 conveniunt
869 2157 926 2208 in
963 2157 1139 2208 insula
1176 2156 1432 2219 Sabrinae,
1458 2155 1745 2224 praecipuis
1772 2162 1827 2205 et
1851 2154 2108 2223 preciosis
2138 2154 2299 2205 armis
2339 2163 2394 2207 et

393 2241 542 2309 equis
581 2250 840 2310 quantum
878 2243 1054 2293 honos
1100 2249 1154 2293 et
1193 2241 1458 2310 protectio
1478 2241 1672 2292 volunt
1710 2239 2000 2291 redimiti.*
2076 2239 2313 2291 Jacturis
2340 2247 2395 2291 et

395 2325 727 2377 successibus
754 2344 941 2378 eorum
984 2333 1112 2394 post
1137 2343 1456 2394 congressus
1482 2324 1786 2393 ingressum
1829 2323 2104 2374 immorari
2129 2342 2239 2374 non
2265 2342 2392 2392 pos-

394 2429 597 2474 sumuS,
634 2410 827 2479 quibus
855 2411 923 2461 ad
949 2411 1050 2461 alia
1074 2410 1334 2462 transitus
1373 2418 1473 2461 est.
1553 2408 1695 2460 Cum
1735 2409 2017 2477 utriusque
2059 2409 2151 2460 diu
2177 2409 2392 2461 silentio

391 2496 556 2564 partis
584 2495 806 2547 diversae
849 2496 977 2546 satis
1019 2503 1074 2547 et
1113 2496 1350 2547 adversae
1391 2493 1773 2558 multitudinis,
1815 2512 1934 2562 quae
1976 2493 2157 2545 tristes
2198 2495 2392 2546 alteru-

393 2589 533 2631 trum
570 2581 786 2632 timores
814 2588 867 2632 et
891 2581 1041 2632 laetas
1080 2580 1355 2648 agitabant
1396 2597 1518 2647 spes
1558 2586 1613 2630 et
1656 2578 1923 2629 innocuus
1955 2577 2199 2629 inhiabat
2241 2596 2391 2630 exer-

393 2665 547 2729 citus,
571 2666 713 2717 unde
730 2674 909 2717 tamen
928 2674 982 2717 et
998 2665 1342 2717 memorabile
1362 2664 1609 2727 verbum,
1630 2663 1776 2732 quod
1793 2671 1854 2714 ut
1869 2663 2079 2731 pedites
2097 2663 2247 2732 equis
2264 2664 2391 2715 facti

395 2758 521 2800 sunt
562 2750 857 2814 trucidatis,
903 2750 1156 2802 Chnutus
1199 2767 1453 2818 procerus
1493 2755 1548 2798 et
1573 2748 1744 2815 major
1770 2754 1824 2797 et
1850 2747 2007 2810 altus,
2034 2746 2388 2818 Edmundum

394 2836 648 2903 grandem
692 2843 746 2886 et
787 2835 1026 2903 planum,
1064 2835 1100 2885 i.
1127 2852 1173 2886 e.
1224 2832 1565 2884 mediocriter
1601 2832 1875 2900 pinguem,
1913 2839 2026 2883 tam
2064 2831 2236 2900 probo
2274 2841 2388 2885 tam

393 2919 637 2988 improbo
677 2920 917 2988 fatigavit
960 2919 1184 2983 assultu,
1226 2919 1372 2987 quod
1404 2918 1460 2968 in
1487 2918 1554 2968 ad
1579 2917 1918 2986 pausandum
1944 2935 2158 2969 recessu
2195 2937 2390 2987 magno

398 3012 577 3067 staret,
604 3005 927 3055 Edmundus
954 3003 1194 3055 anhelitu
1220 3002 1511 3071 crebroque
1550 3003 1778 3053 reductu
1804 3003 2023 3072 spiritus
2058 3011 2113 3055 et
2138 3003 2390 3055 audiente
2464 3029 2468 3035 ·

396 3107 589 3140 corona
609 3090 760 3154 dixit,
787 3094 822 3119 ‘⁶
838 3090 1144 3153 Edmunde,
1185 3089 1367 3140 stricte
1394 3088 1554 3139 nimis
1582 3088 1855 3140 anhelas.''
1932 3089 2032 3140 Ille
2058 3089 2254 3141 rubore
2277 3091 2387 3141 suf-

449 3281 472 3304 *
506 3281 703 3333 Compare
725 3284 805 3322 this
825 3288 995 3323 account
1023 3284 1067 3323 of
1092 3284 1160 3322 the
1189 3284 1363 3332 meeting
1418 3283 1537 3333 given
1555 3283 1611 3334 by
1631 3282 1811 3331 Gaimar,
1828 3283 1911 3322 line
1930 3284 2052 3323 4285.
2110 3284 2220 3322 Both
2240 3283 2395 3322 writers

399 3349 443 3386 of
471 3349 578 3386 Cnut
607 3351 686 3388 and
721 3352 907 3390 Edmund
940 3353 1121 3390 Ironside
1149 3353 1245 3390 with
1275 3353 1363 3390 that
1418 3351 1589 3403 perhaps
1608 3352 1708 3390 used
1736 3353 1804 3391 the
1824 3365 1934 3391 same
1953 3352 2188 3391 traditional
2207 3355 2334 3402 story.
