<?xml version="1.0" encoding="UTF-8"?>
<!DOCTYPE html PUBLIC "-//W3C//DTD XHTML 1.0 Transitional//EN"
    "http://www.w3.org/TR/xhtml1/DTD/xhtml1-transitional.dtd">
<html xmlns="http://www.w3.org/1999/xhtml" xml:lang="en" lang="en">
 <head>
  <title>
</title>
<meta http-equiv="Content-Type" content="text/html;charset=utf-8" />
  <meta name='ocr-system' content='tesseract 3.04.00' />
  <meta name='ocr-capabilities' content='ocr_page ocr_carea ocr_par ocr_line ocrx_word'/>
</head>
<body>
  <div class='ocr_page' id='page_1' title='image "./gualterimapes00camduoft/gualterimapes00camduoft_0175.png"; bbox 0 0 2638 3860; ppageno 0'>
   <div class='ocr_carea' id='block_1_1' title="bbox 313 311 2287 378">
    <p class='ocr_par' dir='ltr' id='par_1_1' title="bbox 313 311 2287 378">
     <span class='ocr_line' id='line_1_1' title="bbox 313 311 2287 378; baseline -0.005 -12"><span class='ocrx_word' id='word_1_1' title='bbox 313 328 414 378; x_wconf 87' lang='lat' dir='ltr'><strong>Cap.</strong></span> <span class='ocrx_word' id='word_1_2' title='bbox 435 327 513 378; x_wconf 84' lang='lat' dir='ltr'>vi.]</span> <span class='ocrx_word' id='word_1_3' title='bbox 919 326 996 359; x_wconf 85' lang='lat' dir='ltr'>DE</span> <span class='ocrx_word' id='word_1_4' title='bbox 1041 325 1224 360; x_wconf 85' lang='lat' dir='ltr'>NUGIS</span> <span class='ocrx_word' id='word_1_5' title='bbox 1268 323 1657 359; x_wconf 70' lang='lat' dir='ltr'>cumALlUM..</span> <span class='ocrx_word' id='word_1_6' title='bbox 2190 311 2287 356; x_wconf 89' lang='lat'>155</span> 
     </span>
    </p>
   </div>
   <div class='ocr_carea' id='block_1_2' title="bbox 267 447 2294 2835">
    <p class='ocr_par' dir='ltr' id='par_1_2' title="bbox 267 447 2294 2835">
     <span class='ocr_line' id='line_1_2' title="bbox 282 447 2294 523; baseline -0.003 -18"><span class='ocrx_word' id='word_1_7' title='bbox 282 454 534 523; x_wconf 87' lang='lat' dir='ltr'>alloquio,</span> <span class='ocrx_word' id='word_1_8' title='bbox 587 452 891 522; x_wconf 88' lang='lat' dir='ltr'>mentisque</span> <span class='ocrx_word' id='word_1_9' title='bbox 933 470 1044 503; x_wconf 81' lang='lat' dir='ltr'>suae</span> <span class='ocrx_word' id='word_1_10' title='bbox 1086 450 1187 502; x_wconf 90' lang='lat' dir='ltr'>sibi</span> <span class='ocrx_word' id='word_1_11' title='bbox 1215 451 1421 503; x_wconf 86' lang='lat' dir='ltr'>divinat</span> <span class='ocrx_word' id='word_1_12' title='bbox 1446 449 1741 519; x_wconf 86' lang='lat' dir='ltr'>angustiaS,</span> <span class='ocrx_word' id='word_1_13' title='bbox 1785 447 2083 501; x_wconf 84' lang='lat' dir='ltr'><strong>subsidium</strong></span> <span class='ocrx_word' id='word_1_14' title='bbox 2129 466 2294 518; x_wconf 89' lang='lat' dir='ltr'>spon-</span> 
     </span>
     <span class='ocr_line' id='line_1_3' title="bbox 285 535 2289 610; baseline -0.003 -17"><span class='ocrx_word' id='word_1_15' title='bbox 285 542 394 604; x_wconf 90' lang='lat' dir='ltr'>det,</span> <span class='ocrx_word' id='word_1_16' title='bbox 429 540 665 610; x_wconf 89' lang='lat' dir='ltr'>perditas</span> <span class='ocrx_word' id='word_1_17' title='bbox 717 540 765 592; x_wconf 91' lang='lat' dir='ltr'>ei</span> <span class='ocrx_word' id='word_1_18' title='bbox 806 538 1076 609; x_wconf 89' lang='lat' dir='ltr'>promittit</span> <span class='ocrx_word' id='word_1_19' title='bbox 1120 537 1353 601; x_wconf 82' lang='lat' dir='ltr'>divitias,</span> <span class='ocrx_word' id='word_1_20' title='bbox 1394 545 1448 588; x_wconf 83' lang='lat' dir='ltr'>et</span> <span class='ocrx_word' id='word_1_21' title='bbox 1492 537 1718 606; x_wconf 86' lang='lat' dir='ltr'>adjicere</span> <span class='ocrx_word' id='word_1_22' title='bbox 1764 535 2042 588; x_wconf 83' lang='lat' dir='ltr'>desideriis</span> <span class='ocrx_word' id='word_1_23' title='bbox 2084 535 2289 599; x_wconf 88' lang='lat' dir='ltr'>altiora,</span> 
     </span>
     <span class='ocr_line' id='line_1_4' title="bbox 285 621 2292 694; baseline -0.003 -15"><span class='ocrx_word' id='word_1_24' title='bbox 285 628 581 679; x_wconf 90' lang='lat' dir='ltr'>dummodo</span> <span class='ocrx_word' id='word_1_25' title='bbox 610 645 666 678; x_wconf 90' lang='lat' dir='ltr'>se</span> <span class='ocrx_word' id='word_1_26' title='bbox 694 644 792 677; x_wconf 91' lang='lat' dir='ltr'>suo</span> <span class='ocrx_word' id='word_1_27' title='bbox 820 625 1068 694; x_wconf 87' lang='lat' dir='ltr'>subjiciat</span> <span class='ocrx_word' id='word_1_28' title='bbox 1094 623 1338 676; x_wconf 87' lang='lat' dir='ltr'>dominio</span> <span class='ocrx_word' id='word_1_29' title='bbox 1366 623 1694 692; x_wconf 87' lang='lat' dir='ltr'>consilioque</span> <span class='ocrx_word' id='word_1_30' title='bbox 1722 622 1979 674; x_wconf 62' lang='lat' dir='ltr'>fruature*</span> <span class='ocrx_word' id='word_1_31' title='bbox 2053 621 2292 690; x_wconf 82' lang='lat' dir='ltr'>Suspicit</span> 
     </span>
     <span class='ocr_line' id='line_1_5' title="bbox 281 708 2287 782; baseline -0.003 -18"><span class='ocrx_word' id='word_1_32' title='bbox 281 713 387 774; x_wconf 87' lang='lat' dir='ltr'>ille,</span> <span class='ocrx_word' id='word_1_33' title='bbox 430 721 612 782; x_wconf 86' lang='lat' dir='ltr'>stupet</span> <span class='ocrx_word' id='word_1_34' title='bbox 661 720 716 763; x_wconf 87' lang='lat' dir='ltr'>et</span> <span class='ocrx_word' id='word_1_35' title='bbox 763 712 948 763; x_wconf 86' lang='lat' dir='ltr'>horret</span> <span class='ocrx_word' id='word_1_36' title='bbox 987 710 1054 761; x_wconf 90' lang='lat' dir='ltr'>ad</span> <span class='ocrx_word' id='word_1_37' title='bbox 1094 709 1222 762; x_wconf 89' lang='lat' dir='ltr'>novi</span> <span class='ocrx_word' id='word_1_38' title='bbox 1263 708 1566 778; x_wconf 87' lang='lat' dir='ltr'>spectacula</span> <span class='ocrx_word' id='word_1_39' title='bbox 1615 708 1861 760; x_wconf 86' lang='lat' dir='ltr'>monstri.</span> <span class='ocrx_word' id='word_1_40' title='bbox 1959 708 2287 777; x_wconf 83' lang='lat' dir='ltr'>Suspectum</span> 
     </span>
     <span class='ocr_line' id='line_1_6' title="bbox 281 794 2288 864; baseline -0.003 -14"><span class='ocrx_word' id='word_1_41' title='bbox 281 798 445 850; x_wconf 84' lang='lat' dir='ltr'>habet</span> <span class='ocrx_word' id='word_1_42' title='bbox 486 817 550 849; x_wconf 87' lang='lat' dir='ltr'>ex</span> <span class='ocrx_word' id='word_1_43' title='bbox 591 797 830 850; x_wconf 90' lang='lat' dir='ltr'>dominio</span> <span class='ocrx_word' id='word_1_44' title='bbox 862 797 1182 860; x_wconf 77' lang='lat' dir='ltr'>daemonem,</span> <span class='ocrx_word' id='word_1_45' title='bbox 1209 795 1284 847; x_wconf 88' lang='lat' dir='ltr'>ait</span> <span class='ocrx_word' id='word_1_46' title='bbox 1321 803 1536 847; x_wconf 87' lang='lat' dir='ltr'>tamen:</span> <span class='ocrx_word' id='word_1_47' title='bbox 1600 795 1737 846; x_wconf 84' lang='lat' dir='ltr'>“Tu</span> <span class='ocrx_word' id='word_1_48' title='bbox 1766 795 1884 864; x_wconf 90' lang='lat' dir='ltr'>quis</span> <span class='ocrx_word' id='word_1_49' title='bbox 1912 796 2009 847; x_wconf 82' lang='lat' dir='ltr'>es?</span> <span class='ocrx_word' id='word_1_50' title='bbox 2088 794 2288 846; x_wconf 86' lang='lat' dir='ltr'>Nonne</span> 
     </span>
     <span class='ocr_line' id='line_1_7' title="bbox 281 878 2286 951; baseline -0.002 -15"><span class='ocrx_word' id='word_1_51' title='bbox 281 893 341 935; x_wconf 87' lang='lat' dir='ltr'>tu</span> <span class='ocrx_word' id='word_1_52' title='bbox 392 893 639 936; x_wconf 88' lang='lat' dir='ltr'>nostrum</span> <span class='ocrx_word' id='word_1_53' title='bbox 680 884 813 935; x_wconf 82' lang='lat' dir='ltr'>Evae</span> <span class='ocrx_word' id='word_1_54' title='bbox 854 882 960 934; x_wconf 91' lang='lat' dir='ltr'>tuis</span> <span class='ocrx_word' id='word_1_55' title='bbox 1002 882 1316 951; x_wconf 81' lang='lat' dir='ltr'>persuasisti</span> <span class='ocrx_word' id='word_1_56' title='bbox 1366 880 1604 934; x_wconf 91' lang='lat' dir='ltr'>consiliis</span> <span class='ocrx_word' id='word_1_57' title='bbox 1655 881 1893 944; x_wconf 86' lang='lat' dir='ltr'>exilium,</span> <span class='ocrx_word' id='word_1_58' title='bbox 1933 881 2025 950; x_wconf 90' lang='lat' dir='ltr'>qui</span> <span class='ocrx_word' id='word_1_59' title='bbox 2067 878 2286 931; x_wconf 86' lang='lat' dir='ltr'>armasti</span> 
     </span>
     <span class='ocr_line' id='line_1_8' title="bbox 283 966 2286 1036; baseline -0.002 -16"><span class='ocrx_word' id='word_1_60' title='bbox 283 969 436 1021; x_wconf 89' lang='lat' dir='ltr'>Caim</span> <span class='ocrx_word' id='word_1_61' title='bbox 486 969 543 1020; x_wconf 93' lang='lat' dir='ltr'>in</span> <span class='ocrx_word' id='word_1_62' title='bbox 592 968 750 1032; x_wconf 87' lang='lat' dir='ltr'>Abel,</span> <span class='ocrx_word' id='word_1_63' title='bbox 800 966 893 1036; x_wconf 90' lang='lat' dir='ltr'>qui</span> <span class='ocrx_word' id='word_1_64' title='bbox 956 967 1090 1019; x_wconf 89' lang='lat' dir='ltr'>Cam</span> <span class='ocrx_word' id='word_1_65' title='bbox 1140 966 1309 1036; x_wconf 88' lang='lat' dir='ltr'>patris</span> <span class='ocrx_word' id='word_1_66' title='bbox 1366 966 1540 1018; x_wconf 79' lang='lat' dir='ltr'>fecisti</span> <span class='ocrx_word' id='word_1_67' title='bbox 1591 966 1901 1030; x_wconf 85' lang='lat' dir='ltr'>derisorem,</span> <span class='ocrx_word' id='word_1_68' title='bbox 1952 967 2286 1018; x_wconf 87' lang='lat' dir='ltr'>Pharaonem</span> 
     </span>
     <span class='ocr_line' id='line_1_9' title="bbox 281 1050 2288 1124; baseline -0.002 -18"><span class='ocrx_word' id='word_1_69' title='bbox 281 1063 571 1124; x_wconf 89' lang='lat' dir='ltr'>tyrannum</span> <span class='ocrx_word' id='word_1_70' title='bbox 610 1053 666 1104; x_wconf 93' lang='lat' dir='ltr'>in</span> <span class='ocrx_word' id='word_1_71' title='bbox 704 1052 966 1122; x_wconf 88' lang='lat' dir='ltr'>populum</span> <span class='ocrx_word' id='word_1_72' title='bbox 1014 1051 1199 1115; x_wconf 87' lang='lat' dir='ltr'>Israel,</span> <span class='ocrx_word' id='word_1_73' title='bbox 1240 1051 1505 1120; x_wconf 88' lang='lat' dir='ltr'>populum</span> <span class='ocrx_word' id='word_1_74' title='bbox 1559 1050 1896 1102; x_wconf 86' lang='lat' dir='ltr'>obstinatum</span> <span class='ocrx_word' id='word_1_75' title='bbox 1930 1050 1986 1101; x_wconf 87' lang='lat' dir='ltr'>in</span> <span class='ocrx_word' id='word_1_76' title='bbox 2032 1051 2288 1121; x_wconf 85' lang='lat' dir='ltr'>Moysen,</span> 
     </span>
     <span class='ocr_line' id='line_1_10' title="bbox 281 1136 2285 1205; baseline -0.004 -10"><span class='ocrx_word' id='word_1_77' title='bbox 281 1143 463 1195; x_wconf 86' lang='lat' dir='ltr'>Datan</span> <span class='ocrx_word' id='word_1_78' title='bbox 491 1139 736 1192; x_wconf 86' lang='lat' dir='ltr'>invidum</span> <span class='ocrx_word' id='word_1_79' title='bbox 777 1139 834 1190; x_wconf 92' lang='lat' dir='ltr'>in</span> <span class='ocrx_word' id='word_1_80' title='bbox 873 1138 1076 1201; x_wconf 87' lang='lat' dir='ltr'>Aaron,</span> <span class='ocrx_word' id='word_1_81' title='bbox 1113 1136 1470 1205; x_wconf 90' lang='lat' dir='ltr'>Architophel</span> <span class='ocrx_word' id='word_1_82' title='bbox 1494 1137 1771 1205; x_wconf 91' lang='lat' dir='ltr'>perjurum</span> <span class='ocrx_word' id='word_1_83' title='bbox 1798 1136 1852 1187; x_wconf 92' lang='lat' dir='ltr'>in</span> <span class='ocrx_word' id='word_1_84' title='bbox 1883 1137 2080 1201; x_wconf 87' lang='lat' dir='ltr'>David,</span> <span class='ocrx_word' id='word_1_85' title='bbox 2106 1136 2285 1188; x_wconf 89' lang='lat' dir='ltr'>Abso-</span> 
     </span>
     <span class='ocr_line' id='line_1_11' title="bbox 280 1221 2289 1295; baseline -0.002 -17"><span class='ocrx_word' id='word_1_86' title='bbox 280 1227 371 1278; x_wconf 91' lang='lat' dir='ltr'>lon</span> <span class='ocrx_word' id='word_1_87' title='bbox 394 1226 574 1278; x_wconf 88' lang='lat' dir='ltr'>animo</span> <span class='ocrx_word' id='word_1_88' title='bbox 600 1224 934 1295; x_wconf 86' lang='lat' dir='ltr'>patricidam,</span> <span class='ocrx_word' id='word_1_89' title='bbox 961 1224 998 1276; x_wconf 86' lang='lat' dir='ltr'><strong>J</strong></span> <span class='ocrx_word' id='word_1_90' title='bbox 1002 1222 1183 1275; x_wconf 88' lang='lat' dir='ltr'>ezabel</span> <span class='ocrx_word' id='word_1_91' title='bbox 1208 1224 1350 1274; x_wconf 84' lang='lat' dir='ltr'>facto</span> <span class='ocrx_word' id='word_1_92' title='bbox 1390 1221 1780 1286; x_wconf 90' lang='lat' dir='ltr'>detestabilem,</span> <span class='ocrx_word' id='word_1_93' title='bbox 1807 1222 1914 1273; x_wconf 90' lang='lat' dir='ltr'>tuis</span> <span class='ocrx_word' id='word_1_94' title='bbox 1953 1221 2289 1274; x_wconf 79' lang='lat' dir='ltr'>adinventio-</span> 
     </span>
     <span class='ocr_line' id='line_1_12' title="bbox 278 1306 2284 1376; baseline -0.002 -14"><span class='ocrx_word' id='word_1_95' title='bbox 278 1311 441 1362; x_wconf 91' lang='lat' dir='ltr'>nibus</span> <span class='ocrx_word' id='word_1_96' title='bbox 473 1309 795 1361; x_wconf 86' lang='lat' dir='ltr'>reddidisti?</span> <span class='ocrx_word' id='word_1_97' title='bbox 874 1309 1022 1363; x_wconf 73' lang='lat' dir='ltr'>Quid</span> <span class='ocrx_word' id='word_1_98' title='bbox 1063 1325 1202 1359; x_wconf 88' lang='lat' dir='ltr'>anne</span> <span class='ocrx_word' id='word_1_99' title='bbox 1245 1315 1460 1358; x_wconf 88' lang='lat' dir='ltr'>tuarum</span> <span class='ocrx_word' id='word_1_100' title='bbox 1502 1324 1664 1376; x_wconf 91' lang='lat' dir='ltr'>cogor</span> <span class='ocrx_word' id='word_1_101' title='bbox 1706 1306 1920 1375; x_wconf 87' lang='lat' dir='ltr'>agmina</span> <span class='ocrx_word' id='word_1_102' title='bbox 1955 1306 2284 1358; x_wconf 85' lang='lat' dir='ltr'>fallaciarum</span> 
     </span>
     <span class='ocr_line' id='line_1_13' title="bbox 284 1380 2285 1460; baseline -0.003 -13"><span class='ocrx_word' id='word_1_103' title='bbox 284 1413 616 1459; x_wconf 87' lang='lat' dir='ltr'>enumerare,</span> <span class='ocrx_word' id='word_1_104' title='bbox 637 1413 757 1446; x_wconf 92' lang='lat' dir='ltr'>cum</span> <span class='ocrx_word' id='word_1_105' title='bbox 785 1394 1066 1445; x_wconf 88' lang='lat' dir='ltr'>innumera</span> <span class='ocrx_word' id='word_1_106' title='bbox 1093 1392 1218 1456; x_wconf 92' lang='lat' dir='ltr'>sint,</span> <span class='ocrx_word' id='word_1_107' title='bbox 1238 1399 1294 1444; x_wconf 90' lang='lat' dir='ltr'>et</span> <span class='ocrx_word' id='word_1_108' title='bbox 1319 1409 1442 1443; x_wconf 91' lang='lat' dir='ltr'>cum</span> <span class='ocrx_word' id='word_1_109' title='bbox 1463 1409 1573 1442; x_wconf 92' lang='lat' dir='ltr'>non</span> <span class='ocrx_word' id='word_1_110' title='bbox 1601 1380 1710 1442; x_wconf 86' lang='lat' dir='ltr'>una</span> <span class='ocrx_word' id='word_1_111' title='bbox 1736 1391 1806 1442; x_wconf 91' lang='lat' dir='ltr'>sit</span> <span class='ocrx_word' id='word_1_112' title='bbox 1824 1390 1911 1442; x_wconf 87' lang='lat' dir='ltr'>vel</span> <span class='ocrx_word' id='word_1_113' title='bbox 1936 1391 2098 1442; x_wconf 89' lang='lat' dir='ltr'>fuerit</span> <span class='ocrx_word' id='word_1_114' title='bbox 2123 1410 2285 1460; x_wconf 89' lang='lat' dir='ltr'>quam</span> 
     </span>
     <span class='ocr_line' id='line_1_14' title="bbox 281 1477 2282 1547; baseline -0.002 -15"><span class='ocrx_word' id='word_1_115' title='bbox 281 1489 343 1532; x_wconf 84' lang='lat' dir='ltr'>tu</span> <span class='ocrx_word' id='word_1_116' title='bbox 377 1499 488 1532; x_wconf 91' lang='lat' dir='ltr'>non</span> <span class='ocrx_word' id='word_1_117' title='bbox 529 1481 823 1532; x_wconf 87' lang='lat' dir='ltr'>creaveris?</span> <span class='ocrx_word' id='word_1_118' title='bbox 902 1481 978 1531; x_wconf 91' lang='lat' dir='ltr'>Et</span> <span class='ocrx_word' id='word_1_119' title='bbox 1013 1479 1178 1530; x_wconf 90' lang='lat' dir='ltr'>finem</span> <span class='ocrx_word' id='word_1_120' title='bbox 1206 1497 1389 1530; x_wconf 89' lang='lat' dir='ltr'>earum</span> <span class='ocrx_word' id='word_1_121' title='bbox 1417 1477 1536 1547; x_wconf 90' lang='lat' dir='ltr'>quis</span> <span class='ocrx_word' id='word_1_122' title='bbox 1575 1477 1822 1546; x_wconf 84' lang='lat' dir='ltr'>ignorat?</span> <span class='ocrx_word' id='word_1_123' title='bbox 1901 1477 2038 1530; x_wconf 73' lang='lat' dir='ltr'>Quis</span> <span class='ocrx_word' id='word_1_124' title='bbox 2066 1487 2282 1528; x_wconf 92' lang='lat' dir='ltr'>tuorum</span> 
     </span>
     <span class='ocr_line' id='line_1_15' title="bbox 281 1562 2283 1634; baseline -0.001 -17"><span class='ocrx_word' id='word_1_125' title='bbox 281 1567 455 1618; x_wconf 89' lang='lat' dir='ltr'>nescit</span> <span class='ocrx_word' id='word_1_126' title='bbox 480 1567 824 1619; x_wconf 89' lang='lat' dir='ltr'>conciliorum</span> <span class='ocrx_word' id='word_1_127' title='bbox 853 1566 1028 1618; x_wconf 80' lang='lat' dir='ltr'>exitus</span> <span class='ocrx_word' id='word_1_128' title='bbox 1055 1573 1110 1618; x_wconf 89' lang='lat' dir='ltr'>et</span> <span class='ocrx_word' id='word_1_129' title='bbox 1135 1563 1557 1634; x_wconf 90' lang='lat' dir='ltr'>promissionum</span> <span class='ocrx_word' id='word_1_130' title='bbox 1583 1562 1964 1615; x_wconf 89' lang='lat' dir='ltr'>retributiones</span> <span class='ocrx_word' id='word_1_131' title='bbox 1982 1563 2245 1631; x_wconf 87' lang='lat' dir='ltr'>pessimas</span> <span class='ocrx_word' id='word_1_132' title='bbox 2266 1564 2283 1614; x_wconf 90' lang='lat'>?</span> 
     </span>
     <span class='ocr_line' id='line_1_16' title="bbox 278 1647 2281 1716; baseline -0.002 -12"><span class='ocrx_word' id='word_1_133' title='bbox 278 1652 417 1706; x_wconf 69' lang='lat' dir='ltr'>Quis</span> <span class='ocrx_word' id='word_1_134' title='bbox 444 1670 555 1703; x_wconf 92' lang='lat' dir='ltr'>non</span> <span class='ocrx_word' id='word_1_135' title='bbox 589 1651 767 1702; x_wconf 89' lang='lat' dir='ltr'>omnis</span> <span class='ocrx_word' id='word_1_136' title='bbox 808 1651 1012 1703; x_wconf 81' lang='lat' dir='ltr'>militiae</span> <span class='ocrx_word' id='word_1_137' title='bbox 1043 1658 1150 1702; x_wconf 86' lang='lat' dir='ltr'>tuae</span> <span class='ocrx_word' id='word_1_138' title='bbox 1189 1650 1448 1701; x_wconf 89' lang='lat' dir='ltr'>damnosa</span> <span class='ocrx_word' id='word_1_139' title='bbox 1482 1648 1636 1700; x_wconf 89' lang='lat' dir='ltr'>novit</span> <span class='ocrx_word' id='word_1_140' title='bbox 1682 1648 1990 1716; x_wconf 86' lang='lat' dir='ltr'>stipendia?</span> <span class='ocrx_word' id='word_1_141' title='bbox 2069 1647 2281 1700; x_wconf 82' lang='lat' dir='ltr'>Scimus</span> 
     </span>
     <span class='ocr_line' id='line_1_17' title="bbox 277 1733 2284 1807; baseline -0.001 -19"><span class='ocrx_word' id='word_1_142' title='bbox 277 1737 422 1807; x_wconf 90' lang='lat' dir='ltr'>quod</span> <span class='ocrx_word' id='word_1_143' title='bbox 449 1754 637 1788; x_wconf 91' lang='lat' dir='ltr'>omnes</span> <span class='ocrx_word' id='word_1_144' title='bbox 664 1743 933 1805; x_wconf 89' lang='lat' dir='ltr'>occupant</span> <span class='ocrx_word' id='word_1_145' title='bbox 958 1735 1090 1786; x_wconf 88' lang='lat' dir='ltr'>retia</span> <span class='ocrx_word' id='word_1_146' title='bbox 1117 1743 1212 1786; x_wconf 87' lang='lat' dir='ltr'>tua</span> <span class='ocrx_word' id='word_1_147' title='bbox 1249 1733 1487 1798; x_wconf 80' lang='lat' dir='ltr'>semitaS,</span> <span class='ocrx_word' id='word_1_148' title='bbox 1513 1742 1569 1785; x_wconf 91' lang='lat' dir='ltr'>et</span> <span class='ocrx_word' id='word_1_149' title='bbox 1594 1734 1771 1785; x_wconf 92' lang='lat' dir='ltr'>omnis</span> <span class='ocrx_word' id='word_1_150' title='bbox 1799 1752 1922 1786; x_wconf 89' lang='lat' dir='ltr'>esca</span> <span class='ocrx_word' id='word_1_151' title='bbox 1947 1742 2042 1784; x_wconf 90' lang='lat' dir='ltr'>tua</span> <span class='ocrx_word' id='word_1_152' title='bbox 2070 1751 2284 1803; x_wconf 88' lang='lat' dir='ltr'>semper</span> 
     </span>
     <span class='ocr_line' id='line_1_18' title="bbox 274 1818 2282 1888; baseline -0.001 -15"><span class='ocrx_word' id='word_1_153' title='bbox 274 1823 332 1874; x_wconf 93' lang='lat' dir='ltr'>in</span> <span class='ocrx_word' id='word_1_154' title='bbox 371 1820 563 1872; x_wconf 84' lang='lat' dir='ltr'>hamiS.</span> <span class='ocrx_word' id='word_1_155' title='bbox 638 1820 805 1871; x_wconf 90' lang='lat' dir='ltr'>Venit</span> <span class='ocrx_word' id='word_1_156' title='bbox 852 1838 920 1872; x_wconf 92' lang='lat' dir='ltr'>en</span> <span class='ocrx_word' id='word_1_157' title='bbox 960 1819 1064 1870; x_wconf 85' lang='lat' dir='ltr'>ista</span> <span class='ocrx_word' id='word_1_158' title='bbox 1103 1818 1389 1870; x_wconf 87' lang='lat' dir='ltr'>blandities</span> <span class='ocrx_word' id='word_1_159' title='bbox 1427 1818 1484 1869; x_wconf 92' lang='lat' dir='ltr'>in</span> <span class='ocrx_word' id='word_1_160' title='bbox 1521 1819 1683 1870; x_wconf 88' lang='lat' dir='ltr'>hamo</span> <span class='ocrx_word' id='word_1_161' title='bbox 1710 1838 1871 1888; x_wconf 88' lang='lat' dir='ltr'>quam</span> <span class='ocrx_word' id='word_1_162' title='bbox 1901 1819 1946 1870; x_wconf 91' lang='lat' dir='ltr'>si</span> <span class='ocrx_word' id='word_1_163' title='bbox 1987 1819 2282 1888; x_wconf 86' lang='lat' dir='ltr'>deglutiero</span> 
     </span>
     <span class='ocr_line' id='line_1_19' title="bbox 274 1905 2284 1978; baseline -0.001 -19"><span class='ocrx_word' id='word_1_164' title='bbox 274 1907 456 1978; x_wconf 85' lang='lat' dir='ltr'>praeda</span> <span class='ocrx_word' id='word_1_165' title='bbox 493 1907 668 1959; x_wconf 91' lang='lat' dir='ltr'>sum.”</span> <span class='ocrx_word' id='word_1_166' title='bbox 747 1906 883 1958; x_wconf 86' lang='lat' dir='ltr'>Haec</span> <span class='ocrx_word' id='word_1_167' title='bbox 909 1906 1000 1970; x_wconf 86' lang='lat' dir='ltr'>ait,</span> <span class='ocrx_word' id='word_1_168' title='bbox 1027 1913 1082 1958; x_wconf 93' lang='lat' dir='ltr'>et</span> <span class='ocrx_word' id='word_1_169' title='bbox 1106 1905 1402 1969; x_wconf 89' lang='lat' dir='ltr'>infremuit,</span> <span class='ocrx_word' id='word_1_170' title='bbox 1429 1912 1651 1974; x_wconf 92' lang='lat' dir='ltr'>totoque</span> <span class='ocrx_word' id='word_1_171' title='bbox 1680 1905 1931 1975; x_wconf 89' lang='lat' dir='ltr'>stupidus</span> <span class='ocrx_word' id='word_1_172' title='bbox 1966 1905 2125 1956; x_wconf 86' lang='lat' dir='ltr'>haesit</span> <span class='ocrx_word' id='word_1_173' title='bbox 2158 1906 2284 1957; x_wconf 90' lang='lat' dir='ltr'>hor-</span> 
     </span>
     <span class='ocr_line' id='line_1_20' title="bbox 273 1990 2283 2061; baseline -0 -16"><span class='ocrx_word' id='word_1_174' title='bbox 273 2011 409 2045; x_wconf 89' lang='lat' dir='ltr'>rore.</span> <span class='ocrx_word' id='word_1_175' title='bbox 468 1993 585 2044; x_wconf 92' lang='lat' dir='ltr'>Nec</span> <span class='ocrx_word' id='word_1_176' title='bbox 612 1991 805 2042; x_wconf 90' lang='lat' dir='ltr'>mirum</span> <span class='ocrx_word' id='word_1_177' title='bbox 829 2012 844 2055; x_wconf 85' lang='lat'>3</span> <span class='ocrx_word' id='word_1_178' title='bbox 882 1991 1104 2042; x_wconf 90' lang='lat' dir='ltr'>horrent</span> <span class='ocrx_word' id='word_1_179' title='bbox 1129 1990 1274 2042; x_wconf 89' lang='lat' dir='ltr'>enim</span> <span class='ocrx_word' id='word_1_180' title='bbox 1302 1998 1362 2041; x_wconf 91' lang='lat' dir='ltr'>ut</span> <span class='ocrx_word' id='word_1_181' title='bbox 1382 1990 1535 2042; x_wconf 84' lang='lat' dir='ltr'>aiunt</span> <span class='ocrx_word' id='word_1_182' title='bbox 1561 1990 1756 2060; x_wconf 89' lang='lat' dir='ltr'>quibus</span> <span class='ocrx_word' id='word_1_183' title='bbox 1775 1992 1842 2043; x_wconf 89' lang='lat' dir='ltr'>de</span> <span class='ocrx_word' id='word_1_184' title='bbox 1867 2000 2027 2043; x_wconf 87' lang='lat' dir='ltr'>nocte</span> <span class='ocrx_word' id='word_1_185' title='bbox 2049 1991 2283 2061; x_wconf 84' lang='lat' dir='ltr'>proximi</span> 
     </span>
     <span class='ocr_line' id='line_1_21' title="bbox 276 2078 2284 2143; baseline -0 -11"><span class='ocrx_word' id='word_1_186' title='bbox 276 2087 407 2132; x_wconf 80' lang='lat' dir='ltr'>sunt</span> <span class='ocrx_word' id='word_1_187' title='bbox 448 2080 611 2143; x_wconf 84' lang='lat' dir='ltr'>fureS,</span> <span class='ocrx_word' id='word_1_188' title='bbox 638 2086 731 2129; x_wconf 89' lang='lat' dir='ltr'>aut</span> <span class='ocrx_word' id='word_1_189' title='bbox 765 2095 952 2130; x_wconf 84' lang='lat' dir='ltr'>cervae.</span> <span class='ocrx_word' id='word_1_190' title='bbox 1027 2078 1113 2129; x_wconf 89' lang='lat' dir='ltr'>De</span> <span class='ocrx_word' id='word_1_191' title='bbox 1140 2095 1316 2140; x_wconf 87' lang='lat' dir='ltr'>cerva,</span> <span class='ocrx_word' id='word_1_192' title='bbox 1342 2078 1525 2130; x_wconf 90' lang='lat' dir='ltr'>nescio</span> <span class='ocrx_word' id='word_1_193' title='bbox 1551 2078 1834 2142; x_wconf 89' lang='lat' dir='ltr'>rationem,</span> <span class='ocrx_word' id='word_1_194' title='bbox 1862 2079 1957 2130; x_wconf 91' lang='lat' dir='ltr'>sed</span> <span class='ocrx_word' id='word_1_195' title='bbox 1984 2079 2128 2131; x_wconf 91' lang='lat' dir='ltr'>fures</span> <span class='ocrx_word' id='word_1_196' title='bbox 2156 2079 2284 2131; x_wconf 91' lang='lat' dir='ltr'>hor-</span> 
     </span>
     <span class='ocr_line' id='line_1_22' title="bbox 274 2161 2282 2233; baseline 0 -18"><span class='ocrx_word' id='word_1_197' title='bbox 274 2164 636 2233; x_wconf 88' lang='lat' dir='ltr'>ripilationem</span> <span class='ocrx_word' id='word_1_198' title='bbox 662 2181 774 2214; x_wconf 91' lang='lat' dir='ltr'>non</span> <span class='ocrx_word' id='word_1_199' title='bbox 800 2162 1022 2226; x_wconf 85' lang='lat' dir='ltr'>faciunt,</span> <span class='ocrx_word' id='word_1_200' title='bbox 1044 2162 1139 2213; x_wconf 91' lang='lat' dir='ltr'>sed</span> <span class='ocrx_word' id='word_1_201' title='bbox 1165 2161 1257 2230; x_wconf 91' lang='lat' dir='ltr'>qui</span> <span class='ocrx_word' id='word_1_202' title='bbox 1284 2180 1407 2213; x_wconf 91' lang='lat' dir='ltr'>cum</span> <span class='ocrx_word' id='word_1_203' title='bbox 1434 2161 1510 2213; x_wconf 91' lang='lat' dir='ltr'>eis</span> <span class='ocrx_word' id='word_1_204' title='bbox 1538 2163 1972 2214; x_wconf 89' lang='lat' dir='ltr'>concomitantur</span> <span class='ocrx_word' id='word_1_205' title='bbox 1988 2163 2282 2217; x_wconf 86' lang='lat' dir='ltr'>daemones.</span> 
     </span>
     <span class='ocr_line' id='line_1_23' title="bbox 276 2247 2279 2319; baseline -0 -17"><span class='ocrx_word' id='word_1_206' title='bbox 276 2251 384 2303; x_wconf 91' lang='lat' dir='ltr'>Hic</span> <span class='ocrx_word' id='word_1_207' title='bbox 403 2250 564 2319; x_wconf 87' lang='lat' dir='ltr'>igitur</span> <span class='ocrx_word' id='word_1_208' title='bbox 583 2249 799 2318; x_wconf 86' lang='lat' dir='ltr'>expavit</span> <span class='ocrx_word' id='word_1_209' title='bbox 816 2248 1005 2299; x_wconf 90' lang='lat' dir='ltr'>merito</span> <span class='ocrx_word' id='word_1_210' title='bbox 1023 2248 1109 2300; x_wconf 90' lang='lat' dir='ltr'>cui</span> <span class='ocrx_word' id='word_1_211' title='bbox 1125 2247 1402 2316; x_wconf 85' lang='lat' dir='ltr'>proximus</span> <span class='ocrx_word' id='word_1_212' title='bbox 1421 2256 1504 2299; x_wconf 90' lang='lat' dir='ltr'>est</span> <span class='ocrx_word' id='word_1_213' title='bbox 1524 2248 1687 2300; x_wconf 86' lang='lat' dir='ltr'>Satan</span> <span class='ocrx_word' id='word_1_214' title='bbox 1705 2257 1887 2300; x_wconf 86' lang='lat' dir='ltr'>astans</span> <span class='ocrx_word' id='word_1_215' title='bbox 1908 2258 1962 2301; x_wconf 93' lang='lat' dir='ltr'>et</span> <span class='ocrx_word' id='word_1_216' title='bbox 1978 2250 2254 2318; x_wconf 90' lang='lat' dir='ltr'>alloquens</span> <span class='ocrx_word' id='word_1_217' title='bbox 2264 2271 2279 2315; x_wconf 85' lang='lat'><em>3</em></span> 
     </span>
     <span class='ocr_line' id='line_1_24' title="bbox 271 2333 2279 2404; baseline -0 -15"><span class='ocrx_word' id='word_1_218' title='bbox 271 2338 329 2390; x_wconf 90' lang='lat' dir='ltr'>in</span> <span class='ocrx_word' id='word_1_219' title='bbox 354 2355 479 2389; x_wconf 88' lang='lat' dir='ltr'>vera</span> <span class='ocrx_word' id='word_1_220' title='bbox 502 2335 710 2387; x_wconf 89' lang='lat' dir='ltr'>visione</span> <span class='ocrx_word' id='word_1_221' title='bbox 738 2353 920 2387; x_wconf 90' lang='lat' dir='ltr'>secum</span> <span class='ocrx_word' id='word_1_222' title='bbox 949 2334 1024 2386; x_wconf 93' lang='lat' dir='ltr'>sic</span> <span class='ocrx_word' id='word_1_223' title='bbox 1052 2334 1214 2385; x_wconf 91' lang='lat' dir='ltr'>miser</span> <span class='ocrx_word' id='word_1_224' title='bbox 1241 2334 1334 2384; x_wconf 85' lang='lat' dir='ltr'>diu</span> <span class='ocrx_word' id='word_1_225' title='bbox 1371 2333 1642 2402; x_wconf 85' lang='lat' dir='ltr'>disputat:</span> <span class='ocrx_word' id='word_1_226' title='bbox 1684 2338 1718 2363; x_wconf 84' lang='lat'><em>“</em></span> <span class='ocrx_word' id='word_1_227' title='bbox 1735 2334 1792 2386; x_wconf 82' lang='lat' dir='ltr'>Si</span> <span class='ocrx_word' id='word_1_228' title='bbox 1819 2335 1963 2403; x_wconf 94' lang='lat' dir='ltr'>quod</span> <span class='ocrx_word' id='word_1_229' title='bbox 1992 2334 2151 2404; x_wconf 86' lang='lat' dir='ltr'>jubet</span> <span class='ocrx_word' id='word_1_230' title='bbox 2175 2336 2279 2389; x_wconf 90' lang='lat' dir='ltr'>hoc</span> 
     </span>
     <span class='ocr_line' id='line_1_25' title="bbox 272 2419 2277 2492; baseline -0.001 -17"><span class='ocrx_word' id='word_1_231' title='bbox 272 2441 448 2492; x_wconf 89' lang='lat' dir='ltr'>egero,</span> <span class='ocrx_word' id='word_1_232' title='bbox 466 2423 722 2491; x_wconf 88' lang='lat' dir='ltr'>deceptus</span> <span class='ocrx_word' id='word_1_233' title='bbox 742 2440 879 2485; x_wconf 89' lang='lat' dir='ltr'>sum,</span> <span class='ocrx_word' id='word_1_234' title='bbox 896 2420 1136 2472; x_wconf 86' lang='lat' dir='ltr'>infernus</span> <span class='ocrx_word' id='word_1_235' title='bbox 1156 2420 1349 2471; x_wconf 89' lang='lat' dir='ltr'>domus</span> <span class='ocrx_word' id='word_1_236' title='bbox 1367 2438 1485 2471; x_wconf 87' lang='lat' dir='ltr'>mea</span> <span class='ocrx_word' id='word_1_237' title='bbox 1504 2429 1610 2484; x_wconf 81' lang='lat' dir='ltr'>est3</span> <span class='ocrx_word' id='word_1_238' title='bbox 1644 2419 1726 2471; x_wconf 94' lang='lat' dir='ltr'>sin</span> <span class='ocrx_word' id='word_1_239' title='bbox 1743 2430 1942 2484; x_wconf 86' lang='lat' dir='ltr'>autem,</span> <span class='ocrx_word' id='word_1_240' title='bbox 1954 2439 2143 2472; x_wconf 88' lang='lat' dir='ltr'>manus</span> <span class='ocrx_word' id='word_1_241' title='bbox 2161 2422 2277 2491; x_wconf 89' lang='lat' dir='ltr'>ejus</span> 
     </span>
     <span class='ocr_line' id='line_1_26' title="bbox 270 2505 2280 2577; baseline -0 -17"><span class='ocrx_word' id='word_1_242' title='bbox 270 2528 382 2560; x_wconf 87' lang='lat' dir='ltr'>non</span> <span class='ocrx_word' id='word_1_243' title='bbox 400 2508 703 2577; x_wconf 83' lang='lat' dir='ltr'>effugiam.’&#39;</span> <span class='ocrx_word' id='word_1_244' title='bbox 778 2508 917 2558; x_wconf 90' lang='lat' dir='ltr'>Tum</span> <span class='ocrx_word' id='word_1_245' title='bbox 939 2507 1043 2570; x_wconf 88' lang='lat' dir='ltr'>ille,</span> <span class='ocrx_word' id='word_1_246' title='bbox 1065 2506 1156 2574; x_wconf 92' lang='lat' dir='ltr'>qui</span> <span class='ocrx_word' id='word_1_247' title='bbox 1177 2506 1417 2557; x_wconf 89' lang='lat' dir='ltr'>sollerter</span> <span class='ocrx_word' id='word_1_248' title='bbox 1442 2523 1509 2556; x_wconf 83' lang='lat' dir='ltr'>ex</span> <span class='ocrx_word' id='word_1_249' title='bbox 1533 2505 1783 2557; x_wconf 90' lang='lat' dir='ltr'>omnibus</span> <span class='ocrx_word' id='word_1_250' title='bbox 1805 2506 1870 2557; x_wconf 89' lang='lat' dir='ltr'>ab</span> <span class='ocrx_word' id='word_1_251' title='bbox 1892 2506 2045 2558; x_wconf 90' lang='lat' dir='ltr'>initio</span> <span class='ocrx_word' id='word_1_252' title='bbox 2067 2507 2280 2576; x_wconf 88' lang='lat' dir='ltr'>collegit</span> 
     </span>
     <span class='ocr_line' id='line_1_27' title="bbox 267 2591 2275 2662; baseline -0 -17"><span class='ocrx_word' id='word_1_253' title='bbox 267 2594 543 2658; x_wconf 83' lang='lat' dir='ltr'>astutiam,</span> <span class='ocrx_word' id='word_1_254' title='bbox 570 2594 877 2662; x_wconf 88' lang='lat' dir='ltr'>conjectans</span> <span class='ocrx_word' id='word_1_255' title='bbox 905 2592 1031 2662; x_wconf 89' lang='lat' dir='ltr'>quid</span> <span class='ocrx_word' id='word_1_256' title='bbox 1071 2599 1213 2643; x_wconf 89' lang='lat' dir='ltr'>esset</span> <span class='ocrx_word' id='word_1_257' title='bbox 1251 2592 1308 2642; x_wconf 89' lang='lat' dir='ltr'>in</span> <span class='ocrx_word' id='word_1_258' title='bbox 1334 2610 1493 2643; x_wconf 84' lang='lat' dir='ltr'>causa</span> <span class='ocrx_word' id='word_1_259' title='bbox 1519 2610 1701 2656; x_wconf 88' lang='lat' dir='ltr'>morae,</span> <span class='ocrx_word' id='word_1_260' title='bbox 1739 2591 2056 2643; x_wconf 85' lang='lat' dir='ltr'>subintulit:</span> <span class='ocrx_word' id='word_1_261' title='bbox 2097 2593 2275 2645; x_wconf 83' lang='lat' dir='ltr'>“Non</span> 
     </span>
     <span class='ocr_line' id='line_1_28' title="bbox 270 2677 2278 2748; baseline -0.001 -16"><span class='ocrx_word' id='word_1_262' title='bbox 270 2688 324 2733; x_wconf 92' lang='lat' dir='ltr'>te</span> <span class='ocrx_word' id='word_1_263' title='bbox 350 2680 534 2732; x_wconf 87' lang='lat' dir='ltr'>turbet</span> <span class='ocrx_word' id='word_1_264' title='bbox 566 2680 729 2732; x_wconf 92' lang='lat' dir='ltr'>timor</span> <span class='ocrx_word' id='word_1_265' title='bbox 753 2679 966 2741; x_wconf 85' lang='lat' dir='ltr'>inferni,</span> <span class='ocrx_word' id='word_1_266' title='bbox 1003 2678 1127 2748; x_wconf 89' lang='lat' dir='ltr'>quia</span> <span class='ocrx_word' id='word_1_267' title='bbox 1151 2678 1427 2747; x_wconf 78' lang='lat' dir='ltr'>longaevus</span> <span class='ocrx_word' id='word_1_268' title='bbox 1455 2695 1530 2741; x_wconf 90' lang='lat' dir='ltr'>es,</span> <span class='ocrx_word' id='word_1_269' title='bbox 1558 2685 1612 2729; x_wconf 90' lang='lat' dir='ltr'>et</span> <span class='ocrx_word' id='word_1_270' title='bbox 1636 2677 1734 2729; x_wconf 86' lang='lat' dir='ltr'>tibi</span> <span class='ocrx_word' id='word_1_271' title='bbox 1760 2678 1919 2747; x_wconf 88' lang='lat' dir='ltr'>longa</span> <span class='ocrx_word' id='word_1_272' title='bbox 1946 2678 2075 2729; x_wconf 88' lang='lat' dir='ltr'>satis</span> <span class='ocrx_word' id='word_1_273' title='bbox 2106 2679 2278 2748; x_wconf 89' lang='lat' dir='ltr'>poeni-</span> 
     </span>
     <span class='ocr_line' id='line_1_29' title="bbox 270 2764 2273 2835; baseline -0 -17"><span class='ocrx_word' id='word_1_274' title='bbox 270 2766 440 2818; x_wconf 87' lang='lat' dir='ltr'>tentia</span> <span class='ocrx_word' id='word_1_275' title='bbox 466 2773 711 2835; x_wconf 87' lang='lat' dir='ltr'>tempora</span> <span class='ocrx_word' id='word_1_276' title='bbox 737 2773 961 2818; x_wconf 88' lang='lat' dir='ltr'>restant.</span> <span class='ocrx_word' id='word_1_277' title='bbox 1036 2764 1198 2816; x_wconf 92' lang='lat' dir='ltr'>Addo</span> <span class='ocrx_word' id='word_1_278' title='bbox 1225 2764 1370 2833; x_wconf 90' lang='lat' dir='ltr'>quod</span> <span class='ocrx_word' id='word_1_279' title='bbox 1412 2771 1536 2815; x_wconf 90' lang='lat' dir='ltr'>ante</span> <span class='ocrx_word' id='word_1_280' title='bbox 1574 2771 1804 2816; x_wconf 89' lang='lat' dir='ltr'>mortem</span> <span class='ocrx_word' id='word_1_281' title='bbox 1844 2771 1993 2815; x_wconf 91' lang='lat' dir='ltr'>tuam</span> <span class='ocrx_word' id='word_1_282' title='bbox 2020 2771 2074 2816; x_wconf 89' lang='lat' dir='ltr'>te</span> <span class='ocrx_word' id='word_1_283' title='bbox 2101 2764 2273 2817; x_wconf 87' lang='lat' dir='ltr'>tribus</span> 
     </span>
    </p>
   </div>
   <div class='ocr_carea' id='block_1_3' title="bbox 262 2949 2275 3273">
    <p class='ocr_par' dir='ltr' id='par_1_3' title="bbox 262 2949 2275 3273">
     <span class='ocr_line' id='line_1_30' title="bbox 322 2949 2275 3002; baseline -0.001 -11"><span class='ocrx_word' id='word_1_284' title='bbox 322 2951 347 2978; x_wconf 88' lang='lat'>*</span> <span class='ocrx_word' id='word_1_285' title='bbox 377 2953 475 2991; x_wconf 89' lang='lat' dir='ltr'>This</span> <span class='ocrx_word' id='word_1_286' title='bbox 506 2953 691 2991; x_wconf 87' lang='lat' dir='ltr'>incident</span> <span class='ocrx_word' id='word_1_287' title='bbox 723 2952 771 2990; x_wconf 88' lang='lat' dir='ltr'>of</span> <span class='ocrx_word' id='word_1_288' title='bbox 799 2965 822 2990; x_wconf 85' lang='lat' dir='ltr'>a</span> <span class='ocrx_word' id='word_1_289' title='bbox 851 2951 1014 3002; x_wconf 83' lang='lat' dir='ltr'>knight,</span> <span class='ocrx_word' id='word_1_290' title='bbox 1050 2951 1139 2989; x_wconf 91' lang='lat' dir='ltr'>who</span> <span class='ocrx_word' id='word_1_291' title='bbox 1165 2950 1248 2989; x_wconf 85' lang='lat' dir='ltr'>had</span> <span class='ocrx_word' id='word_1_292' title='bbox 1303 2950 1456 2989; x_wconf 89' lang='lat' dir='ltr'>lection</span> <span class='ocrx_word' id='word_1_293' title='bbox 1494 2950 1542 2989; x_wconf 88' lang='lat' dir='ltr'>of</span> <span class='ocrx_word' id='word_1_294' title='bbox 1574 2950 1695 2988; x_wconf 84' lang='lat' dir='ltr'>Latin</span> <span class='ocrx_word' id='word_1_295' title='bbox 1735 2949 1905 2995; x_wconf 80' lang='lat' dir='ltr'>Stories,</span> <span class='ocrx_word' id='word_1_296' title='bbox 1937 2963 1979 3000; x_wconf 90' lang='lat' dir='ltr'>p.</span> <span class='ocrx_word' id='word_1_297' title='bbox 2015 2953 2097 2997; x_wconf 77' lang='lat'>313</span> <span class='ocrx_word' id='word_1_298' title='bbox 2128 2950 2173 2988; x_wconf 91' lang='lat' dir='ltr'>in</span> <span class='ocrx_word' id='word_1_299' title='bbox 2202 2949 2275 2989; x_wconf 84' lang='lat' dir='ltr'>the</span> 
     </span>
     <span class='ocr_line' id='line_1_31' title="bbox 266 3017 2272 3071; baseline -0.001 -12"><span class='ocrx_word' id='word_1_300' title='bbox 266 3021 418 3059; x_wconf 87' lang='lat' dir='ltr'>wasted</span> <span class='ocrx_word' id='word_1_301' title='bbox 458 3021 522 3059; x_wconf 91' lang='lat' dir='ltr'>his</span> <span class='ocrx_word' id='word_1_302' title='bbox 556 3021 807 3071; x_wconf 85' lang='lat' dir='ltr'>patrimony,</span> <span class='ocrx_word' id='word_1_303' title='bbox 837 3019 962 3069; x_wconf 89' lang='lat' dir='ltr'>being</span> <span class='ocrx_word' id='word_1_304' title='bbox 989 3018 1178 3057; x_wconf 86' lang='lat' dir='ltr'>restored</span> <span class='ocrx_word' id='word_1_305' title='bbox 1200 3024 1244 3057; x_wconf 89' lang='lat' dir='ltr'>to</span> <span class='ocrx_word' id='word_1_306' title='bbox 1303 3018 1463 3056; x_wconf 90' lang='lat' dir='ltr'>French</span> <span class='ocrx_word' id='word_1_307' title='bbox 1484 3017 1635 3056; x_wconf 83' lang='lat' dir='ltr'>fabliau</span> <span class='ocrx_word' id='word_1_308' title='bbox 1664 3017 1726 3055; x_wconf 88' lang='lat' dir='ltr'>Le</span> <span class='ocrx_word' id='word_1_309' title='bbox 1750 3017 1817 3054; x_wconf 82' lang='lat' dir='ltr'>det</span> <span class='ocrx_word' id='word_1_310' title='bbox 1836 3017 1890 3054; x_wconf 82' lang='lat' dir='ltr'>du</span> <span class='ocrx_word' id='word_1_311' title='bbox 1903 3029 2032 3066; x_wconf 82' lang='lat' dir='ltr'>povre</span> <span class='ocrx_word' id='word_1_312' title='bbox 2051 3018 2272 3065; x_wconf 75' lang='lat' dir='ltr'>chevalier,</span> 
     </span>
     <span class='ocr_line' id='line_1_32' title="bbox 264 3083 2273 3139; baseline -0.001 -12"><span class='ocrx_word' id='word_1_313' title='bbox 264 3089 398 3127; x_wconf 88' lang='lat' dir='ltr'>riches</span> <span class='ocrx_word' id='word_1_314' title='bbox 432 3089 486 3139; x_wconf 88' lang='lat' dir='ltr'>by</span> <span class='ocrx_word' id='word_1_315' title='bbox 517 3089 588 3127; x_wconf 91' lang='lat' dir='ltr'>the</span> <span class='ocrx_word' id='word_1_316' title='bbox 622 3088 700 3126; x_wconf 88' lang='lat' dir='ltr'>evil</span> <span class='ocrx_word' id='word_1_317' title='bbox 733 3100 826 3135; x_wconf 84' lang='lat' dir='ltr'>one,</span> <span class='ocrx_word' id='word_1_318' title='bbox 854 3087 889 3125; x_wconf 90' lang='lat' dir='ltr'>is</span> <span class='ocrx_word' id='word_1_319' title='bbox 929 3098 1120 3125; x_wconf 90' lang='lat' dir='ltr'>common</span> <span class='ocrx_word' id='word_1_320' title='bbox 1150 3091 1193 3125; x_wconf 87' lang='lat' dir='ltr'>to</span> <span class='ocrx_word' id='word_1_321' title='bbox 1219 3099 1242 3124; x_wconf 86' lang='lat' dir='ltr'>a</span> <span class='ocrx_word' id='word_1_322' title='bbox 1299 3085 1344 3122; x_wconf 89' lang='lat' dir='ltr'>in</span> <span class='ocrx_word' id='word_1_323' title='bbox 1382 3083 1590 3124; x_wconf 84' lang='lat' dir='ltr'>Jubinal&#39;s</span> <span class='ocrx_word' id='word_1_324' title='bbox 1619 3085 1758 3123; x_wconf 86' lang='lat' dir='ltr'>Nouv.</span> <span class='ocrx_word' id='word_1_325' title='bbox 1800 3085 1984 3130; x_wconf 78' lang='lat' dir='ltr'>Recuess,</span> <span class='ocrx_word' id='word_1_326' title='bbox 2023 3086 2052 3124; x_wconf 91' lang='lat' dir='ltr'>i.</span> <span class='ocrx_word' id='word_1_327' title='bbox 2097 3099 2139 3137; x_wconf 90' lang='lat' dir='ltr'>p.</span> <span class='ocrx_word' id='word_1_328' title='bbox 2181 3087 2273 3135; x_wconf 90' lang='lat'>138,</span> 
     </span>
     <span class='ocr_line' id='line_1_33' title="bbox 263 3149 2267 3202; baseline -0.002 -6"><span class='ocrx_word' id='word_1_329' title='bbox 263 3157 439 3196; x_wconf 88' lang='lat' dir='ltr'>number</span> <span class='ocrx_word' id='word_1_330' title='bbox 471 3157 518 3195; x_wconf 89' lang='lat' dir='ltr'>of</span> <span class='ocrx_word' id='word_1_331' title='bbox 546 3156 744 3195; x_wconf 88' lang='lat' dir='ltr'>medieval</span> <span class='ocrx_word' id='word_1_332' title='bbox 782 3156 944 3194; x_wconf 87' lang='lat' dir='ltr'>stories.</span> <span class='ocrx_word' id='word_1_333' title='bbox 1021 3155 1242 3193; x_wconf 86' lang='lat' dir='ltr'>Instances</span> <span class='ocrx_word' id='word_1_334' title='bbox 1297 3149 1375 3191; x_wconf 73' lang='grc' dir='ltr'>διο.</span> <span class='ocrx_word' id='word_1_335' title='bbox 1433 3153 1522 3191; x_wconf 89' lang='lat' dir='ltr'>The</span> <span class='ocrx_word' id='word_1_336' title='bbox 1543 3152 1716 3202; x_wconf 88' lang='lat' dir='ltr'>English</span> <span class='ocrx_word' id='word_1_337' title='bbox 1736 3151 1882 3202; x_wconf 86' lang='lat' dir='ltr'>legend</span> <span class='ocrx_word' id='word_1_338' title='bbox 1913 3151 1959 3190; x_wconf 88' lang='lat' dir='ltr'>of</span> <span class='ocrx_word' id='word_1_339' title='bbox 1990 3152 2055 3190; x_wconf 87' lang='lat' dir='ltr'>Sir</span> <span class='ocrx_word' id='word_1_340' title='bbox 2074 3153 2267 3201; x_wconf 80' lang='lat' dir='ltr'>Amadas,</span> 
     </span>
     <span class='ocr_line' id='line_1_34' title="bbox 262 3220 2268 3273; baseline -0 -10"><span class='ocrx_word' id='word_1_341' title='bbox 262 3227 348 3265; x_wconf 91' lang='lat' dir='ltr'>will</span> <span class='ocrx_word' id='word_1_342' title='bbox 365 3226 417 3264; x_wconf 91' lang='lat' dir='ltr'>be</span> <span class='ocrx_word' id='word_1_343' title='bbox 437 3225 567 3263; x_wconf 89' lang='lat' dir='ltr'>found</span> <span class='ocrx_word' id='word_1_344' title='bbox 587 3225 629 3262; x_wconf 91' lang='lat' dir='ltr'>in</span> <span class='ocrx_word' id='word_1_345' title='bbox 650 3224 721 3262; x_wconf 88' lang='lat' dir='ltr'>the</span> <span class='ocrx_word' id='word_1_346' title='bbox 750 3223 874 3262; x_wconf 84' lang='lat' dir='ltr'>Latin</span> <span class='ocrx_word' id='word_1_347' title='bbox 894 3228 1006 3273; x_wconf 87' lang='lat' dir='ltr'>story</span> <span class='ocrx_word' id='word_1_348' title='bbox 1027 3223 1092 3260; x_wconf 91' lang='lat' dir='ltr'>De</span> <span class='ocrx_word' id='word_1_349' title='bbox 1110 3223 1245 3260; x_wconf 83' lang='lat' dir='ltr'>milite</span> <span class='ocrx_word' id='word_1_350' title='bbox 1298 3220 1342 3258; x_wconf 90' lang='lat' dir='ltr'>in</span> <span class='ocrx_word' id='word_1_351' title='bbox 1365 3220 1529 3267; x_wconf 86' lang='lat' dir='ltr'>Weber,</span> <span class='ocrx_word' id='word_1_352' title='bbox 1551 3221 1631 3259; x_wconf 89' lang='lat' dir='ltr'>vol.</span> <span class='ocrx_word' id='word_1_353' title='bbox 1652 3220 1710 3258; x_wconf 80' lang='lat' dir='ltr'>iii.</span> <span class='ocrx_word' id='word_1_354' title='bbox 1731 3233 1773 3271; x_wconf 89' lang='lat' dir='ltr'>p.</span> <span class='ocrx_word' id='word_1_355' title='bbox 1797 3221 1891 3267; x_wconf 75' lang='lat'>243,</span> <span class='ocrx_word' id='word_1_356' title='bbox 1912 3221 1998 3259; x_wconf 87' lang='lat' dir='ltr'>also</span> <span class='ocrx_word' id='word_1_357' title='bbox 2018 3220 2134 3261; x_wconf 89' lang='lat' dir='ltr'>bears</span> <span class='ocrx_word' id='word_1_358' title='bbox 2155 3235 2268 3262; x_wconf 85' lang='lat' dir='ltr'>some</span> 
     </span>
    </p>
   </div>
   <div class='ocr_carea' id='block_1_4' title="bbox 262 3289 1706 3344">
    <p class='ocr_par' dir='ltr' id='par_1_4' title="bbox 262 3289 1706 3344">
     <span class='ocr_line' id='line_1_35' title="bbox 262 3289 1706 3344; baseline -0.003 -12"><span class='ocrx_word' id='word_1_359' title='bbox 262 3296 332 3344; x_wconf 80' lang='lat' dir='ltr'>qui</span> <span class='ocrx_word' id='word_1_360' title='bbox 343 3297 514 3344; x_wconf 77' lang='lat' dir='ltr'>paetum</span> <span class='ocrx_word' id='word_1_361' title='bbox 535 3293 650 3342; x_wconf 84' lang='lat' dir='ltr'>fecit</span> <span class='ocrx_word' id='word_1_362' title='bbox 681 3304 771 3330; x_wconf 82' lang='lat' dir='ltr'>cum</span> <span class='ocrx_word' id='word_1_363' title='bbox 802 3291 977 3337; x_wconf 84' lang='lat' dir='ltr'>diabolo,</span> <span class='ocrx_word' id='word_1_364' title='bbox 1000 3291 1043 3329; x_wconf 89' lang='lat' dir='ltr'>in</span> <span class='ocrx_word' id='word_1_365' title='bbox 1077 3303 1144 3341; x_wconf 88' lang='lat' dir='ltr'>my</span> <span class='ocrx_word' id='word_1_366' title='bbox 1168 3290 1241 3328; x_wconf 88' lang='lat' dir='ltr'>Se·</span> <span class='ocrx_word' id='word_1_367' title='bbox 1299 3289 1574 3328; x_wconf 85' lang='lat' dir='ltr'>resemblance</span> <span class='ocrx_word' id='word_1_368' title='bbox 1595 3293 1638 3327; x_wconf 90' lang='lat' dir='ltr'>to</span> <span class='ocrx_word' id='word_1_369' title='bbox 1659 3289 1706 3327; x_wconf 87' lang='lat' dir='ltr'>it.</span> 
     </span>
    </p>
   </div>
  </div>
 </body>
</html>
