2638 3860
360 409 464 455 210
1053 414 1365 450 GUALTEm
1395 412 1595 448 MAPes
2075 407 2274 458 [Distinc.
2298 406 2355 444 v.

363 564 665 621 recesserat,
692 555 833 625 quod
859 553 1072 623 quidem
1110 571 1232 605 cum
1267 551 1563 603 maximum
1589 556 1732 603 esset
1756 555 1811 601 et
1837 547 2271 618 pulcherrimum,
2297 545 2354 596 in

364 644 574 697 modico
599 649 838 708 tempore
869 645 996 708 post
1031 656 1297 689 summam
1337 655 1557 688 manum
1589 634 1893 705 oppositam
1933 640 2111 684 totum
2137 631 2355 684 corruit.

369 730 490 781 Hoc
516 734 691 778 autem
718 743 840 776 cum
867 723 915 775 ei
941 723 1115 775 timidi
1140 723 1487 774 nunciassent
1508 721 1909 783 Cluniacenses,
1936 726 1991 770 et
2011 725 2356 769 causarentur

365 812 607 874 artificeS,
652 808 926 861 excusavit
964 826 1056 860 eos
1096 825 1208 872 reX,
1260 808 1315 858 id
1359 814 1538 859 actum
1581 825 1747 858 manu
1784 803 2009 857 Domini
2044 802 2245 865 dicenS,
2287 818 2358 852 ne

295 925 302 930 ·
368 915 522 949 suum
549 914 683 964 opus
710 895 882 946 alieno
909 893 1047 962 regis
1081 911 1178 962 per
1217 892 1490 945 avaritiam
1525 892 1656 945 victi
1688 892 2039 943 fundamento
2079 889 2358 952 niteretur,

367 980 647 1048 missisque
673 978 858 1047 primis
885 977 1176 1029 artificibus
1204 976 1323 1046 ejici
1348 976 1476 1028 fecit
1501 996 1531 1028 a
1564 984 1704 1028 terra
1737 974 1989 1045 quicquid
2014 972 2356 1025 Adelfundus

366 1065 635 1133 injecerat,
655 1063 907 1132 miraeque
933 1062 1314 1131 magnitudinis
1341 1080 1476 1131 opus
1499 1062 1849 1131 perextruxit,
1871 1060 2123 1128 deditque
2140 1065 2358 1111 centum

368 1168 570 1203 annuas
619 1149 778 1201 libras
830 1149 1206 1218 sterlingorum
1256 1148 1532 1200 monachis
1581 1156 1843 1217 perpetuo
1894 1146 2246 1216 possidendas
2291 1143 2359 1195 ad

369 1235 783 1287 conservandam
811 1234 986 1304 operis
1011 1234 1436 1286 indemnitatem.
1490 1235 1644 1286 Idem
1670 1253 1793 1286 cum
1820 1242 1962 1286 esset
1981 1233 2121 1284 inter
2140 1248 2360 1283 avarum

369 1329 423 1373 et
447 1321 730 1390 prodigum
749 1321 824 1372 ita
850 1320 1075 1384 mediuS,
1112 1328 1175 1371 ut
1199 1338 1310 1371 non
1335 1327 1521 1388 posset
1546 1338 1662 1371 esse
1688 1319 1911 1388 prodigo
1939 1318 2053 1370 sine
2072 1318 2204 1369 vitio
2229 1315 2360 1368 vici-

369 1406 504 1471 nior,
531 1407 675 1458 omni
712 1424 922 1475 semper
947 1406 1215 1457 affluentia
1241 1405 1367 1457 felix
1397 1405 1591 1470 extitit,
1629 1406 1903 1474 totiusque
1929 1404 2079 1473 regni
2118 1402 2201 1454 sui
2234 1419 2360 1470 pro—

372 1508 526 1560 spero
554 1498 697 1542 statu
722 1508 1069 1559 personarum
1091 1497 1144 1541 et
1162 1507 1340 1541 rerum
1360 1490 1614 1559 pollebat.
1658 1490 1894 1558 Scriptas
1915 1489 2147 1541 habebat
2166 1488 2359 1539 domus

370 1583 425 1627 et
449 1575 661 1627 familiae
688 1594 797 1627 suae
824 1575 1258 1639 consuetudineS,
1285 1594 1414 1643 quas
1452 1575 1569 1644 ipse
1597 1582 1856 1627 statuerat
1891 1576 2084 1626 domus
2122 1581 2185 1624 ut
2223 1590 2363 1624 sem-

370 1677 466 1728 per
509 1667 650 1711 esset
689 1658 939 1710 omnibus
984 1658 1197 1710 abunda
1237 1659 1422 1727 copiiS,
1450 1667 1504 1711 et
1544 1660 1866 1711 certissimas
1907 1659 2130 1711 haberet
2161 1657 2306 1710 vices
2332 1676 2362 1709 a

372 1743 528 1812 longe
568 1743 825 1812 provisaS,
866 1750 921 1795 et
972 1743 1329 1795 communiter
1379 1745 1585 1796 auditas
1629 1745 1936 1814 ubicunque
1981 1743 2233 1797 manendi
2275 1743 2362 1795 vel

374 1829 643 1892 movendi,
670 1836 723 1880 et
763 1829 830 1879 ad
867 1847 983 1880 eam
1009 1829 1285 1881 venientes
1314 1829 1509 1898 singuli
1547 1848 1682 1899 quos
1719 1830 1947 1882 barones
1973 1837 2169 1881 vocant
2207 1837 2363 1880 terrae

374 1912 625 1980 primates
690 1919 916 1963 statutas
979 1930 1044 1963 ex
1106 1912 1421 1964 liberalitate
1477 1902 1616 1982 regis
1686 1914 2028 1965 liberationes
2103 1913 2365 1964 haberent

375 1995 604 2059 familiae,
646 2013 714 2046 ne
765 1996 883 2064 quis
934 2004 1126 2064 egeret,
1172 1996 1266 2047 sed
1317 1997 1614 2065 perciperet
1656 1997 1895 2066 quisquis
1941 2005 2083 2049 certa
2128 1996 2364 2048 donaria.

376 2078 690 2147 Diciturque
726 2097 821 2130 sua
860 2079 1023 2130 fuisse
1065 2087 1324 2148 quantum
1371 2080 1578 2132 sinebat
1621 2082 1854 2132 mundus
1897 2081 2011 2132 sine
2055 2099 2179 2132 cura
2205 2080 2366 2144 curia,

379 2163 492 2215 sine
531 2164 767 2215 tumultu
794 2165 878 2216 vel
917 2165 1230 2216 confusione
1262 2166 1420 2234 regia,
1448 2167 1593 2234 quod
1630 2185 1807 2217 rarum
1845 2175 1944 2218 est.
2020 2167 2095 2217 Et
2123 2166 2167 2217 si
2204 2166 2369 2235 patri-

376 2247 478 2298 bus
505 2248 715 2299 credere
740 2247 881 2311 licet,
909 2266 1004 2298 sua
1042 2267 1332 2317 possumus
1362 2249 1612 2301 Saturnia
1653 2251 1826 2302 dicere
1871 2250 2048 2303 secula
2092 2250 2192 2302 sub
2228 2251 2368 2303 Jove

382 2340 581 2384 nostra.
659 2331 1064 2384 Concurrebant
1090 2341 1150 2384 ut
1175 2334 1325 2385 aiunt
1363 2334 1600 2402 undique
1639 2353 1752 2387 non
1791 2336 1967 2388 solum
2007 2344 2274 2388 nostrates
2300 2336 2369 2386 ad

379 2416 596 2480 curiam,
622 2424 683 2467 ut
706 2416 1010 2469 levarentur
1035 2437 1065 2469 a
1091 2422 1251 2482 curia,
1287 2436 1474 2470 verum
1516 2419 1676 2471 etiam
1703 2419 1861 2472 alieni
1885 2419 2056 2472 veniae
2081 2420 2371 2474 veniebant

381 2513 433 2556 et
482 2510 835 2555 mercatorum
879 2511 934 2555 et
982 2504 1239 2556 mercium
1283 2505 1687 2558 multitudinem
1734 2507 2100 2560 inveniebant.
2198 2508 2371 2559 Erant

381 2588 523 2641 enim
562 2589 712 2657 quasi
748 2588 1003 2640 nundinae
1048 2608 1171 2641 cum
1213 2607 1335 2659 rege
1377 2609 1713 2660 quocumque
1756 2600 1928 2644 castra
1971 2601 2229 2657 moveret,
2271 2611 2370 2662 pro

384 2674 697 2726 certitudine
717 2673 923 2725 viarum
945 2692 1160 2725 suarum
1181 2682 1235 2726 et
1255 2675 1556 2728 acclamatae
1577 2677 2090 2745 perhendinationis.
2167 2677 2373 2729 Maturi

383 2760 469 2812 vel
506 2767 661 2811 aetate
686 2760 773 2812 vel
806 2760 1065 2828 sapientia
1109 2778 1319 2829 semper
1356 2769 1479 2813 ante
1516 2763 1800 2830 prandium
1835 2763 1891 2814 in
1932 2764 2077 2815 curia
2102 2781 2226 2814 cum
2250 2781 2372 2833 rege

383 2863 618 2913 voceque
643 2846 907 2913 praeconia
935 2846 1235 2898 citabantur
1259 2847 1327 2898 ad
1352 2865 1444 2899 eos
1471 2848 1563 2916 qui
1601 2865 1699 2916 pro
1734 2848 1956 2917 negocio
1983 2867 2081 2900 suo
2109 2850 2375 2901 desidera-

385 2929 517 2980 bant
541 2930 709 2982 audiri
729 2952 744 2995 3
782 2939 908 2999 post
934 2931 1210 2983 meridiem
1235 2940 1289 2984 et
1332 2951 1583 2985 somnum
1625 2933 2047 2986 admittebantur
2072 2935 2375 3004 quicunque

387 3016 588 3067 ludicra
605 3016 969 3081 sectabantur;
1007 3025 1223 3086 eratque
1246 3019 1427 3071 schola
1446 3019 1711 3071 virtutum
1731 3029 1786 3072 et
1798 3021 2072 3090 sapientiae
2084 3022 2228 3074 curia
2237 3022 2376 3091 regis

390 3101 530 3152 illius
557 3109 679 3154 ante
706 3103 999 3167 meridiem,
1023 3111 1151 3172 post
1191 3105 1457 3156 comitatis
1504 3113 1559 3157 et
1600 3108 1905 3159 reverendae
1943 3108 2160 3161 laetitiae.
2238 3109 2377 3162 Quis

394 3193 569 3236 autem
613 3187 778 3239 celare
825 3188 998 3256 possit
1039 3188 1181 3240 illius
1225 3197 1337 3241 tam
1375 3190 1600 3259 jocundi
1651 3199 1762 3243 tam
1807 3192 2042 3263 benigni,
2099 3213 2211 3246 non
2267 3201 2379 3245 tam

394 3267 722 3335 imperatoris
755 3272 841 3323 vel
873 3272 1010 3341 regis
1051 3291 1209 3341 quam
1247 3274 1413 3343 patris
1438 3275 1672 3344 Angliae,
1705 3277 1943 3330 modicas
1979 3279 2214 3343 facetiaS,
2255 3297 2378 3330 cum

395 3369 718 3419 nequeamus
761 3356 951 3423 exequi
999 3359 1265 3424 magnas?
1376 3359 1534 3411 More
1586 3379 1683 3413 suo
1731 3362 1977 3415 sumebat
2025 3363 2380 3416 cubicularius
