2638 3860
386 369 486 415 142
1096 375 1407 411 emam-Em
1433 376 1632 411 MAPEs
2043 376 2239 427 [Distinc.
2259 358 2339 414 Ἰν.

379 520 553 584 Maro,
573 536 695 570 cum
737 517 948 569 Catullo
977 516 1192 566 Marsus
1212 536 1227 580 3
1269 515 1491 583 vigilent
1525 522 1581 566 et
1615 514 1819 566 dictent
1847 513 2129 567 Chaerulus
2156 523 2210 567 et
2237 515 2366 567 Clu-

373 604 579 666 vienuS,
618 602 815 654 Bavius
854 608 908 652 et
943 600 1191 660 MaeviuS‚
1219 608 1273 652 et
1313 619 1398 652 me
1442 600 1577 651 nihil
1614 601 1993 669 interstrepere
2035 602 2363 670 prohibebit.

371 689 579 740 Talium
605 694 846 754 tempora
871 692 997 736 sunt
1029 693 1326 753 poetarum.
1405 685 1703 755 Objurgare
1739 704 1849 737 non
1890 693 2123 755 possunt
2164 687 2361 751 Musae,

373 791 471 824 nec
495 771 712 840 injurias
742 770 943 834 ulcisci,
969 788 1067 822 nec
1099 770 1156 821 in
1193 770 1397 823 artibus
1436 771 1811 835 cantabuntur,
1839 770 1983 839 quod
2008 770 2136 822 alias
2161 771 2361 840 ubique

370 858 445 908 fit.
540 856 671 908 Ideo
721 862 870 907 tutus
915 862 969 907 et
1009 855 1227 907 inermis
1266 855 1542 925 aggredior
1585 857 1731 925 quod
1760 855 2111 924 trepidabam.
2203 856 2361 908 Tales

368 960 512 994 nunc
535 940 772 993 inveniat
795 940 1005 992 libellus
1030 941 1287 1005 lectores3
1327 941 1402 992 hii
1428 960 1514 993 me
1530 948 1750 1011 poetam
1774 941 1990 1006 facient,
2018 942 2112 993 sed
2145 959 2257 993 non
2284 942 2360 994 sic

365 1027 517 1096 impii
540 1026 742 1095 legunt,
776 1043 887 1077 non
922 1026 1014 1091 sic,
1041 1033 1096 1077 et
1127 1026 1248 1078 ideo
1276 1026 1543 1078 misellum
1569 1028 1716 1079 hunc
1749 1027 2108 1092 ventilabunt,
2136 1035 2198 1079 ut
2237 1027 2358 1096 pul-

363 1129 580 1174 verem3
617 1110 848 1161 oderunt
886 1110 1030 1162 enim
1068 1118 1355 1180 antequam
1392 1112 1675 1177 audierint,
1700 1112 2037 1181 vilipendent
2070 1119 2358 1181 antequam

363 1197 687 1267 appendant,
710 1195 954 1248 invident
977 1196 1288 1266 priusquam
1314 1197 1548 1250 videant.
1624 1198 1926 1250 Incidentia
1950 1216 2076 1251 vero
2105 1198 2144 1249 si
2169 1206 2356 1252 notare

361 1285 440 1335 fas
467 1290 567 1346 est,
590 1281 778 1333 incidit
803 1281 1031 1334 amicum
1056 1283 1237 1347 habui,
1264 1284 1436 1336 virum
1461 1284 1586 1336 vitae
1611 1284 2015 1354 philosophicae,
2044 1302 2204 1353 quem
2230 1291 2356 1353 post

360 1369 519 1436 longa
542 1374 784 1436 tempora
803 1367 1104 1436 multasque
1129 1368 1462 1421 visitationes
1490 1369 1742 1422 annotavi
1769 1370 1934 1421 semel
1957 1369 2164 1434 habitu,
2180 1377 2355 1438 gestU,

358 1453 617 1521 vultuque
641 1458 927 1517 mutatum,
957 1454 1334 1523 suspiciosum,
1360 1455 1639 1524 pallidum,
1664 1455 1863 1507 lautius
1905 1462 2087 1507 tamen
2128 1455 2353 1518 cultum,

355 1537 661 1606 loquentem
686 1537 895 1606 parcius
922 1546 977 1590 et
1000 1540 1232 1607 graviuS,
1270 1540 1488 1593 insolita
1533 1540 1804 1592 simultate
1846 1540 2174 1609 superbum3
2213 1539 2351 1608 pris-

349 1624 462 1675 tina
486 1622 712 1692 perierat
735 1623 940 1689 facetia,
966 1642 1283 1695 morosaque
1303 1626 1647 1695 jocunditas3
1687 1645 1889 1696 aegrum
1930 1645 1987 1678 se
2028 1626 2258 1690 dicebat,
2294 1632 2349 1677 et

350 1709 486 1760 male
525 1727 685 1760 sanus
729 1715 857 1760 erat.
935 1709 1242 1778 Solivagum
1286 1711 1418 1775 vidi,
1462 1729 1686 1780 meaque
1737 1719 2000 1780 quantum
2051 1711 2349 1764 reverentia

351 1794 455 1845 mei
483 1793 690 1845 sinebat
715 1793 1069 1846 declinantem
1096 1795 1342 1864 alloquia.
1397 1796 1623 1848 Veneris
1651 1797 1986 1866 arreptitium
2013 1797 2140 1850 vidi.
2183 1797 2349 1851 Quic-

354 1879 482 1948 quid
521 1879 663 1931 enim
705 1879 1004 1944 videbatur,
1045 1888 1221 1932 totum
1263 1889 1374 1933 erat
1419 1882 1584 1951 proci,
1626 1883 1762 1934 nihil
1804 1884 2133 1953 philosophi.
2209 1884 2346 1952 Spes

353 1972 531 2015 tamen
572 1973 699 2029 erat,
725 1972 787 2016 ut
827 1972 955 2034 post
995 1965 1206 2034 lapsum
1246 1974 1561 2035 resurgeret.
1637 1967 1991 2036 Ignoscebam
2019 1969 2163 2036 quod
2193 1969 2345 2038 igno-

354 2055 535 2107 rabam
551 2076 566 2121 3
604 2056 793 2107 ludum
829 2056 1103 2125 putabam,
1130 2065 1185 2109 et
1218 2067 1331 2109 erat
1371 2077 1574 2111 saevum
1609 2061 1826 2112 serium.
1903 2061 2132 2113 Uxorari
2158 2064 2345 2116 tende-

350 2138 460 2203 bat,
503 2157 614 2191 non
652 2139 845 2204 amari3
886 2140 1036 2191 Mars
1062 2141 1279 2193 nolebat
1317 2142 1448 2206 fieri,
1475 2143 1571 2196 sed
1609 2144 1893 2196 Mulciber.
1968 2146 2173 2198 Tamen
2211 2147 2345 2199 mihi

348 2243 499 2277 mens
544 2225 756 2289 excidit,
783 2232 836 2277 et
879 2226 1001 2294 quia
1050 2227 1185 2278 mori
1228 2228 1499 2296 pergebat,
1527 2231 1914 2283 commoriebar
1957 2232 2023 2284 ei.
2099 2233 2341 2285 Locutus

346 2329 464 2362 sum
490 2319 544 2362 et
568 2310 829 2379 repulsus,
908 2311 1038 2362 Misi
1064 2312 1154 2380 qui
1193 2313 1556 2382 loquerentur,
1590 2324 1645 2368 et
1678 2324 1740 2368 ut
1782 2317 1958 2369 noluit
1997 2335 2090 2370 eos
2136 2318 2338 2383 audire,

346 2396 471 2459 dixi,
511 2398 545 2423 “
572 2396 703 2447 Fera
729 2395 961 2464 pessima
987 2397 1263 2449 devoravit
1287 2398 1508 2450 unicum
1548 2418 1748 2465 meum,
1778 2408 1832 2453 et
1871 2410 1933 2453 ut
1978 2421 2166 2455 omnes
2208 2404 2340 2456 ami-

344 2482 480 2534 citiae
505 2482 647 2534 vices
673 2482 968 2551 implerem,
995 2483 1278 2552 epistolam
1305 2484 1354 2537 ei
1382 2486 1590 2555 scripsi,
1617 2488 1840 2539 mutatis
1868 2489 2183 2542 nominibus
2210 2510 2338 2543 nos-

342 2567 455 2631 tris,
481 2586 566 2619 me
593 2568 682 2637 qui
707 2569 980 2621 Walterus
1020 2587 1141 2620 sum
1179 2570 1451 2622 Valerium
1482 2591 1700 2638 vocam,
1727 2574 1909 2641 ipsum
1936 2575 2029 2643 qui
2055 2576 2090 2627 J
2095 2577 2335 2629 ohannes

342 2660 423 2704 est
448 2660 502 2704 et
526 2654 674 2704 rufus
703 2654 978 2705 Rufinum.
1055 2655 1385 2708 Praetitulavi
1411 2657 1696 2726 epistolam
1726 2659 1855 2711 sim*

378 2840 655 2890 Dissuasz'o
692 2840 886 2890 Valerii
911 2841 983 2891 ad
1007 2843 1247 2908 Rufinum
1255 2843 1621 2910 philosophum
1645 2862 1707 2895 ne
1731 2862 1944 2897 umorem
1970 2848 2142 2899 ducat.
2223 2848 2296 2901 iii.

411 2953 586 3022 Loqui
611 2955 901 3023 prohibeor
944 2963 998 3007 et
1033 2963 1209 3008 tacere
1235 2977 1343 3010 non
1371 2977 1613 3028 possum.
1692 2960 1869 3014 Grues
1916 2962 2005 3014 odi
2045 2971 2100 3014 et
2142 2982 2331 3016 vocem

338 3036 517 3102 ululae,
556 3037 830 3090 bubonem
856 3046 910 3090 et
936 3058 1060 3091 aves
1088 3048 1325 3106 caeteraS,
1354 3061 1473 3112 quae
1498 3044 1691 3097 lutosae
1726 3046 1936 3116 hyemis
1977 3048 2330 3116 gravitatem†

338 3121 578 3173 luctuose
607 3124 958 3192 praeululant3
1000 3133 1054 3176 et
1079 3133 1140 3177 tu
1167 3127 1465 3180 subsannas
1499 3131 1713 3182 venturi
1747 3133 1997 3185 vaticinia
2042 3134 2328 3204 dispendii,

364 3234 389 3260 *
417 3236 514 3274 This
542 3238 684 3287 epistle
703 3252 869 3290 appears
890 3245 932 3278 to
951 3241 1053 3279 have
1071 3242 1175 3280 been
1195 3255 1293 3294 very
1348 3244 1444 3283 MS.
1468 3245 1663 3286 Arundel.
1685 3247 1768 3286 No.
1805 3252 1870 3295 14,
1893 3250 1974 3288 and
2006 3250 2102 3289 MS.
2143 3250 2324 3301 Eume-y,

339 3303 521 3354 popular,
541 3303 603 3342 for
617 3305 649 3342 it
665 3306 700 3344 is
720 3307 801 3344 still
826 3307 955 3345 found
981 3309 1024 3346 in
1045 3322 1068 3347 a
1086 3310 1291 3349 consider·
1347 3311 1431 3351 No.
1453 3314 1547 3352 360.
1608 3315 1648 3353 It
1667 3329 1748 3354 was
1768 3317 1932 3367 printed
1960 3330 2109 3368 among
2138 3318 2208 3356 the
2229 3330 2323 3369 sup-

338 3370 426 3408 able
452 3370 621 3408 number
639 3372 684 3409 of
708 3373 833 3411 MSS.
892 3375 932 3412 It
950 3376 986 3413 is
1003 3376 1099 3415 here
1120 3378 1291 3416 collated
1347 3380 1545 3429 positious
1565 3382 1700 3420 works
1722 3383 1766 3421 of
1785 3383 1844 3422 St.
1868 3384 2048 3423 Jerome.

336 3436 431 3476 with
456 3439 535 3474 two
564 3436 687 3475 MSS.
720 3438 760 3476 in
792 3440 861 3478 the
900 3441 1053 3480 British
1083 3443 1291 3493 Museum,
1403 3449 1427 3498 †
1459 3449 1722 3495 lutositatem,
1746 3450 1837 3488 MS.
1860 3451 2020 3490 Arund.
