2638 3860
1247 402 1349 449 244

307 890 419 953 The,
423 891 677 955 following
696 891 963 957 fragment
986 891 1048 955 of
1073 891 1261 939 Walter
1285 889 1465 953 Mapes
1499 890 1540 937 is
1562 887 1733 954 found
1753 886 1960 936 isolated
1981 887 2032 934 in
2057 903 2123 933 an
2147 883 2287 947 early

552 971 621 1017 M
620 971 677 1018 S.
700 971 899 1018 without
921 987 1018 1034 any
1042 970 1308 1018 indication
1314 968 1461 1032 from
1484 968 1671 1015 whence
1694 967 1732 1014 it
1754 983 1854 1014 was
1878 965 2043 1013 taken.

474 1137 617 1184 [From
636 1136 731 1176 MS.
756 1137 832 1175 130
852 1137 893 1175 in
914 1135 1074 1187 Corpus
1095 1135 1250 1175 Christi
1271 1134 1449 1184 College.
1509 1132 1665 1183 Copied
1682 1132 1726 1170 in
1746 1131 1841 1170 MS.
1862 1131 1889 1171 J
1892 1143 2000 1170 ames
2019 1130 2111 1180 39.]

369 1231 455 1282 Ex
495 1231 650 1282 dictis
676 1232 766 1282 W.
804 1232 955 1300 Map.
1033 1230 1204 1283 Cerva
1229 1229 1438 1298 fugiens
1479 1248 1509 1280 a
1534 1227 1666 1279 facie
1692 1235 2027 1290 venatorum,
2073 1225 2288 1277 divertit

297 1315 351 1366 in
380 1316 577 1367 curiam
605 1317 887 1385 cujusdam
914 1316 1114 1380 divitis,
1142 1316 1395 1384 stetitque
1417 1314 1484 1365 ad
1504 1330 1743 1382 praesepe
1763 1313 1904 1364 inter
1924 1311 2107 1363 boves,
2184 1310 2290 1362 Cui

299 1418 437 1452 unus
481 1402 580 1453 bos
625 1403 717 1466 ait,
755 1402 1005 1454 “Veniet
1041 1401 1308 1453 bubulcus
1347 1409 1401 1452 et
1439 1418 1561 1452 cum
1587 1399 1793 1450 videret
1818 1406 1890 1461 te,
1936 1397 2144 1449 occidet
2180 1395 2289 1448 te.”

300 1487 602 1554 Respondit
622 1505 791 1550 cerva,
831 1490 865 1516 “
882 1488 1010 1539 Non
1035 1487 1197 1539 timeo
1219 1485 1533 1548 bubulcum,
1554 1502 1730 1536 coecus
1752 1483 1896 1534 enim
1917 1482 2050 1534 est.'’
2124 1481 2291 1533 Venit

298 1569 577 1632 bubulcm,
606 1571 781 1623 bobus
808 1571 1060 1640 apposuit
1086 1571 1251 1634 cibos,
1290 1578 1345 1622 et
1376 1587 1585 1621 cervam
1613 1586 1722 1618 non
1749 1567 1936 1619 videns
1962 1566 2287 1635 pertransiit.

300 1655 501 1707 Iterum
530 1657 663 1708 dixit
688 1657 787 1709 bos
826 1657 893 1708 ad
931 1675 1159 1721 cervam,
1198 1656 1448 1708 “Veniet
1491 1653 1814 1723 praepositus
1854 1660 1909 1703 et
1948 1651 2156 1704 occidet
2179 1651 2286 1704 te.''

296 1742 369 1791 At
393 1742 499 1806 illa,
538 1747 571 1771 “
592 1744 720 1795 Non
755 1743 917 1794 timeo
956 1742 1324 1812 praepositum,
1350 1741 1499 1792 videt
1536 1739 1665 1808 quid
1704 1738 2001 1807 paululum,
2041 1738 2135 1791 sed
2163 1736 2288 1789 sub-

297 1826 574 1880 obscure.''
648 1829 812 1880 Venit
836 1828 1158 1897 praepositus
1199 1827 1433 1878 clamans
1479 1824 1546 1875 ad
1585 1823 1900 1886 bubulcum,
1945 1822 2288 1876 “Quomodo

298 1921 424 1963 sunt
466 1913 631 1965 boves
651 1915 709 1965 ?''
799 1914 911 1977 Ait,
958 1917 992 1942 ‘⁶
1011 1912 1288 1980 Optime.”
1384 1911 1667 1979 Ingressus
1710 1917 1763 1959 et
1813 1908 2087 1959 excutiens
2139 1907 2287 1958 cibos

297 2014 498 2062 eorum,
540 2007 594 2050 et
619 1999 770 2068 quasi
795 2000 1042 2051 hortatus
1069 2006 1131 2048 ut
1157 1996 1457 2060 comedant,
1497 1994 1732 2046 recessit.
1806 1993 1989 2044 Tertio
2028 1992 2163 2043 dixit
2186 1991 2287 2043 bos

297 2082 363 2133 ad
389 2101 615 2148 cervam,
653 2088 687 2113 ‘⁶
708 2085 904 2136 Veniet
930 2083 1179 2135 dominus
1206 2090 1408 2145 noster,
1453 2090 1509 2132 et
1552 2098 1675 2132 cum
1701 2078 1896 2131 viderit
1933 2086 1986 2130 te
2026 2077 2287 2129 occidet.”

298 2166 451 2217 Dixit
471 2185 640 2230 cerva,
679 2172 715 2197 “
734 2167 894 2219 Absit
920 2168 929 2219 !
957 2167 1096 2218 absit
1120 2167 1130 2217 1
1171 2183 1444 2234 nunquam
1466 2166 1571 2216 huc
1590 2163 1771 2215 veniat
1791 2162 2042 2214 dominus
2061 2162 2254 2213 domus
2281 2161 2291 2212 ἔ

296 2251 429 2302 nihil
455 2253 595 2304 enim
623 2253 800 2305 fallere
828 2260 1007 2321 potest
1032 2252 1214 2304 oculos
1240 2251 1437 2303 illius?
1512 2250 1751 2317 Vespere
1777 2248 1940 2316 igitur
1965 2248 2125 2312 facto,
2153 2248 2288 2299 dixit

296 2338 544 2389 dominus
591 2357 762 2403 servo,
801 2343 833 2368 ‘⁶
854 2339 1101 2391 Accende
1136 2339 1425 2400 lucernam,
1452 2337 1644 2388 vadam
1671 2335 1851 2386 videre
1876 2334 2044 2387 boves
2085 2334 2286 2386 meos‚''

297 2421 662 2491 Introgressus
688 2423 849 2492 igitur
874 2441 968 2492 per
988 2423 1229 2474 ordinem
1253 2421 1489 2490 singulos
1505 2420 1673 2472 boves
1695 2419 1843 2483 adiit,
1864 2419 2012 2470 cibos
2034 2419 2286 2483 excussit,

293 2526 511 2558 manum
555 2527 650 2576 per
691 2509 898 2577 spinam
946 2508 1089 2559 dorsi
1131 2508 1282 2576 quasi
1326 2506 1702 2576 applaudendo
1743 2514 1799 2557 et
1839 2505 2072 2556 fovendo
2114 2504 2285 2567 duxit,

293 2594 509 2662 proprio
553 2595 769 2646 nomine
813 2602 874 2646 ut
913 2595 1256 2646 comederent
1294 2593 1521 2645 monuit.
1597 2593 1685 2644 Ad
1727 2600 2025 2643 extremum
2064 2590 2284 2642 veniens

294 2679 387 2730 ubi
413 2698 566 2731 cerva
593 2680 741 2731 stetit
766 2680 820 2730 in
848 2681 1059 2748 angulo,
1105 2679 1196 2742 ait,
1236 2683 1268 2708 “
1290 2679 1438 2732 Quid
1466 2679 1613 2742 faciS,
1653 2697 1685 2730 o
1725 2696 1897 2742 cerva,
1941 2677 2082 2728 inter
2118 2677 2284 2729 boves

295 2767 476 2816 meos?
504 2784 591 2816 rea
617 2784 674 2817 es
701 2766 887 2817 mortis
906 2767 955 2829 ;'’
997 2774 1050 2816 et
1077 2765 1257 2816 statim
1286 2765 1408 2816 data
1429 2765 1695 2816 sententia
1721 2763 1917 2815 occidit
1942 2781 2077 2814 eam.
2138 2761 2284 2813 Hinc

293 2848 493 2916 liquido
520 2858 739 2917 apparet
766 2850 908 2918 quod
935 2849 1185 2901 dominus
1213 2849 1405 2901 domus
1433 2848 1637 2900 caeteris
1664 2847 1811 2899 videt
1845 2846 2138 2916 limpidius.
