<?xml version="1.0" encoding="UTF-8"?>
<!DOCTYPE html PUBLIC "-//W3C//DTD XHTML 1.0 Transitional//EN"
    "http://www.w3.org/TR/xhtml1/DTD/xhtml1-transitional.dtd">
<html xmlns="http://www.w3.org/1999/xhtml" xml:lang="en" lang="en">
 <head>
  <title>
</title>
<meta http-equiv="Content-Type" content="text/html;charset=utf-8" />
  <meta name='ocr-system' content='tesseract 3.04.00' />
  <meta name='ocr-capabilities' content='ocr_page ocr_carea ocr_par ocr_line ocrx_word'/>
</head>
<body>
  <div class='ocr_page' id='page_1' title='image "./gualterimapes00camduoft/gualterimapes00camduoft_0252.png"; bbox 0 0 2638 3860; ppageno 0'>
   <div class='ocr_carea' id='block_1_1' title="bbox 358 413 2317 469">
    <p class='ocr_par' dir='ltr' id='par_1_1' title="bbox 358 413 2317 469">
     <span class='ocr_line' id='line_1_1' title="bbox 358 413 2317 469; baseline 0.003 -19"><span class='ocrx_word' id='word_1_1' title='bbox 358 413 460 459; x_wconf 78' lang='lat'><strong>232</strong></span> <span class='ocrx_word' id='word_1_2' title='bbox 1091 418 1401 454; x_wconf 78' lang='lat' dir='ltr'><strong>GUALTERI</strong></span> <span class='ocrx_word' id='word_1_3' title='bbox 1443 419 1643 453; x_wconf 75' lang='lat' dir='ltr'><strong>MAPEs</strong></span> <span class='ocrx_word' id='word_1_4' title='bbox 2045 419 2243 469; x_wconf 85' lang='lat' dir='ltr'><strong>[Distinc.</strong></span> <span class='ocrx_word' id='word_1_5' title='bbox 2265 418 2317 457; x_wconf 92' lang='lat' dir='ltr'><strong>V.</strong></span> 
     </span>
    </p>
   </div>
   <div class='ocr_carea' id='block_1_2' title="bbox 338 555 2347 3008">
    <p class='ocr_par' dir='ltr' id='par_1_2' title="bbox 338 555 2347 3008">
     <span class='ocr_line' id='line_1_2' title="bbox 353 555 2343 631; baseline -0.005 -15"><span class='ocrx_word' id='word_1_6' title='bbox 353 565 418 616; x_wconf 94' lang='lat' dir='ltr'><strong>de</strong></span> <span class='ocrx_word' id='word_1_7' title='bbox 446 581 543 615; x_wconf 91' lang='lat' dir='ltr'><strong>suo</strong></span> <span class='ocrx_word' id='word_1_8' title='bbox 569 560 785 631; x_wconf 88' lang='lat' dir='ltr'><strong>proprio</strong></span> <span class='ocrx_word' id='word_1_9' title='bbox 811 559 896 611; x_wconf 88' lang='lat' dir='ltr'><strong>vel</strong></span> <span class='ocrx_word' id='word_1_10' title='bbox 923 559 987 610; x_wconf 95' lang='lat' dir='ltr'><strong>de</strong></span> <span class='ocrx_word' id='word_1_11' title='bbox 1014 558 1163 622; x_wconf 82' lang='lat' dir='ltr'><strong>fisco,</strong></span> <span class='ocrx_word' id='word_1_12' title='bbox 1191 558 1286 609; x_wconf 94' lang='lat' dir='ltr'><strong>sed</strong></span> <span class='ocrx_word' id='word_1_13' title='bbox 1313 558 1475 608; x_wconf 88' lang='lat' dir='ltr'><strong>etiam</strong></span> <span class='ocrx_word' id='word_1_14' title='bbox 1504 556 1725 625; x_wconf 88' lang='lat' dir='ltr'><strong>singulis</strong></span> <span class='ocrx_word' id='word_1_15' title='bbox 1762 555 2094 622; x_wconf 84' lang='lat' dir='ltr'><strong>domesticiS,</strong></span> <span class='ocrx_word' id='word_1_16' title='bbox 2127 567 2182 609; x_wconf 93' lang='lat' dir='ltr'><strong>et</strong></span> <span class='ocrx_word' id='word_1_17' title='bbox 2208 575 2343 626; x_wconf 91' lang='lat' dir='ltr'><strong>quos</strong></span> 
     </span>
     <span class='ocr_line' id='line_1_3' title="bbox 353 642 2346 712; baseline -0.005 -11"><span class='ocrx_word' id='word_1_18' title='bbox 353 648 641 700; x_wconf 84' lang='lat' dir='ltr'><strong>necessitas</strong></span> <span class='ocrx_word' id='word_1_19' title='bbox 667 652 878 712; x_wconf 87' lang='lat' dir='ltr'><strong>urgeret</strong></span> <span class='ocrx_word' id='word_1_20' title='bbox 902 643 1106 695; x_wconf 77' lang='lat' dir='ltr'><strong>alienis,</strong></span> <span class='ocrx_word' id='word_1_21' title='bbox 1182 644 1300 694; x_wconf 93' lang='lat' dir='ltr'><strong>Nos</strong></span> <span class='ocrx_word' id='word_1_22' title='bbox 1328 650 1506 693; x_wconf 88' lang='lat' dir='ltr'><strong>autem</strong></span> <span class='ocrx_word' id='word_1_23' title='bbox 1550 642 1654 692; x_wconf 89' lang='lat' dir='ltr'><strong>hoc</strong></span> <span class='ocrx_word' id='word_1_24' title='bbox 1680 643 1904 692; x_wconf 90' lang='lat' dir='ltr'><strong>comiter</strong></span> <span class='ocrx_word' id='word_1_25' title='bbox 1930 648 2107 692; x_wconf 91' lang='lat' dir='ltr'><strong>actum</strong></span> <span class='ocrx_word' id='word_1_26' title='bbox 2133 642 2346 710; x_wconf 85' lang='lat' dir='ltr'><strong>putavi—</strong></span> 
     </span>
     <span class='ocr_line' id='line_1_4' title="bbox 354 728 2345 797; baseline -0.003 -13"><span class='ocrx_word' id='word_1_27' title='bbox 354 751 490 796; x_wconf 84' lang='lat' dir='ltr'><strong>mus,</strong></span> <span class='ocrx_word' id='word_1_28' title='bbox 518 732 611 783; x_wconf 90' lang='lat' dir='ltr'><strong>sed</strong></span> <span class='ocrx_word' id='word_1_29' title='bbox 654 749 797 781; x_wconf 90' lang='lat' dir='ltr'><strong>nunc</strong></span> <span class='ocrx_word' id='word_1_30' title='bbox 823 729 1071 780; x_wconf 87' lang='lat' dir='ltr'><strong>facetiora</strong></span> <span class='ocrx_word' id='word_1_31' title='bbox 1096 728 1252 791; x_wconf 81' lang='lat' dir='ltr'><strong>fiunt,</strong></span> <span class='ocrx_word' id='word_1_32' title='bbox 1277 736 1340 779; x_wconf 93' lang='lat' dir='ltr'><strong>ut</strong></span> <span class='ocrx_word' id='word_1_33' title='bbox 1368 734 1564 797; x_wconf 84' lang='lat' dir='ltr'><strong>putant</strong></span> <span class='ocrx_word' id='word_1_34' title='bbox 1590 744 1818 795; x_wconf 89' lang='lat' dir='ltr'><strong>quorum</strong></span> <span class='ocrx_word' id='word_1_35' title='bbox 1865 734 1948 777; x_wconf 91' lang='lat' dir='ltr'><strong>est</strong></span> <span class='ocrx_word' id='word_1_36' title='bbox 1987 745 2131 778; x_wconf 93' lang='lat' dir='ltr'><strong>nunc</strong></span> <span class='ocrx_word' id='word_1_37' title='bbox 2157 728 2345 779; x_wconf 89' lang='lat' dir='ltr'><strong>facere.</strong></span> 
     </span>
     <span class='ocr_line' id='line_1_5' title="bbox 352 811 2347 879; baseline -0.003 -11"><span class='ocrx_word' id='word_1_38' title='bbox 352 816 673 869; x_wconf 90' lang='lat' dir='ltr'><strong>Willielmus</strong></span> <span class='ocrx_word' id='word_1_39' title='bbox 695 815 760 865; x_wconf 94' lang='lat' dir='ltr'><strong>de</strong></span> <span class='ocrx_word' id='word_1_40' title='bbox 785 814 1171 877; x_wconf 78' lang='lat' dir='ltr'><strong>Tancarvilla,*</strong></span> <span class='ocrx_word' id='word_1_41' title='bbox 1199 832 1442 864; x_wconf 90' lang='lat' dir='ltr'><strong>summus</strong></span> <span class='ocrx_word' id='word_1_42' title='bbox 1471 831 1536 864; x_wconf 81' lang='lat' dir='ltr'><strong>ex</strong></span> <span class='ocrx_word' id='word_1_43' title='bbox 1561 812 1722 862; x_wconf 86' lang='lat' dir='ltr'><strong>feudo</strong></span> <span class='ocrx_word' id='word_1_44' title='bbox 1749 811 1886 879; x_wconf 86' lang='lat' dir='ltr'><strong>regis</strong></span> <span class='ocrx_word' id='word_1_45' title='bbox 1914 812 2250 876; x_wconf 81' lang='lat' dir='ltr'><strong>camerarius,</strong></span> <span class='ocrx_word' id='word_1_46' title='bbox 2265 812 2347 863; x_wconf 91' lang='lat' dir='ltr'><strong>vir</strong></span> 
     </span>
     <span class='ocr_line' id='line_1_6' title="bbox 351 896 2344 968; baseline -0.002 -16"><span class='ocrx_word' id='word_1_47' title='bbox 351 901 543 952; x_wconf 91' lang='lat' dir='ltr'><strong>nobilis</strong></span> <span class='ocrx_word' id='word_1_48' title='bbox 582 918 791 968; x_wconf 80' lang='lat' dir='ltr'><strong>genere,</strong></span> <span class='ocrx_word' id='word_1_49' title='bbox 834 898 1114 967; x_wconf 88' lang='lat' dir='ltr'><strong>singularis</strong></span> <span class='ocrx_word' id='word_1_50' title='bbox 1156 898 1335 961; x_wconf 83' lang='lat' dir='ltr'><strong>armis,</strong></span> <span class='ocrx_word' id='word_1_51' title='bbox 1374 897 1578 948; x_wconf 86' lang='lat' dir='ltr'><strong>viribus</strong></span> <span class='ocrx_word' id='word_1_52' title='bbox 1625 896 1955 964; x_wconf 83' lang='lat' dir='ltr'><strong>magnificus,</strong></span> <span class='ocrx_word' id='word_1_53' title='bbox 1999 897 2344 968; x_wconf 88' lang='lat' dir='ltr'><strong>moribusque</strong></span> 
     </span>
     <span class='ocr_line' id='line_1_7' title="bbox 350 980 2344 1050; baseline -0.002 -14"><span class='ocrx_word' id='word_1_54' title='bbox 350 1003 493 1036; x_wconf 90' lang='lat' dir='ltr'><strong>mors</strong></span> <span class='ocrx_word' id='word_1_55' title='bbox 518 984 734 1047; x_wconf 83' lang='lat' dir='ltr'><strong>invidis,</strong></span> <span class='ocrx_word' id='word_1_56' title='bbox 761 984 1055 1034; x_wconf 89' lang='lat' dir='ltr'><strong>multorum</strong></span> <span class='ocrx_word' id='word_1_57' title='bbox 1098 982 1436 1034; x_wconf 82' lang='lat' dir='ltr'><strong>accusatione</strong></span> <span class='ocrx_word' id='word_1_58' title='bbox 1477 980 1587 1050; x_wconf 89' lang='lat' dir='ltr'><strong>regi</strong></span> <span class='ocrx_word' id='word_1_59' title='bbox 1629 992 1816 1031; x_wconf 91' lang='lat' dir='ltr'><strong>nostro</strong></span> <span class='ocrx_word' id='word_1_60' title='bbox 1864 990 2146 1049; x_wconf 88' lang='lat' dir='ltr'><strong>suspectus</strong></span> <span class='ocrx_word' id='word_1_61' title='bbox 2172 982 2344 1033; x_wconf 89' lang='lat' dir='ltr'><strong>factus</strong></span> 
     </span>
     <span class='ocr_line' id='line_1_8' title="bbox 350 1065 2345 1136; baseline -0.003 -14"><span class='ocrx_word' id='word_1_62' title='bbox 350 1080 449 1122; x_wconf 91' lang='lat' dir='ltr'><strong>est.</strong></span> <span class='ocrx_word' id='word_1_63' title='bbox 523 1068 793 1120; x_wconf 83' lang='lat' dir='ltr'><strong>Audiebat</strong></span> <span class='ocrx_word' id='word_1_64' title='bbox 818 1086 942 1119; x_wconf 91' lang='lat' dir='ltr'><strong>eum</strong></span> <span class='ocrx_word' id='word_1_65' title='bbox 977 1075 1094 1118; x_wconf 87' lang='lat' dir='ltr'><strong>tum</strong></span> <span class='ocrx_word' id='word_1_66' title='bbox 1120 1068 1427 1136; x_wconf 88' lang='lat' dir='ltr'><strong>frequenter</strong></span> <span class='ocrx_word' id='word_1_67' title='bbox 1466 1085 1560 1118; x_wconf 88' lang='lat' dir='ltr'><strong>rex</strong></span> <span class='ocrx_word' id='word_1_68' title='bbox 1604 1065 1894 1117; x_wconf 87' lang='lat' dir='ltr'><strong>multarum</strong></span> <span class='ocrx_word' id='word_1_69' title='bbox 1931 1066 2191 1118; x_wconf 87' lang='lat' dir='ltr'><strong>victorem</strong></span> <span class='ocrx_word' id='word_1_70' title='bbox 2218 1085 2345 1118; x_wconf 93' lang='lat' dir='ltr'><strong>con-</strong></span> 
     </span>
     <span class='ocr_line' id='line_1_9' title="bbox 349 1152 2346 1225; baseline -0.002 -18"><span class='ocrx_word' id='word_1_71' title='bbox 349 1155 699 1225; x_wconf 81' lang='lat' dir='ltr'><strong>gressionum,</strong></span> <span class='ocrx_word' id='word_1_72' title='bbox 727 1162 782 1206; x_wconf 91' lang='lat' dir='ltr'><strong>et</strong></span> <span class='ocrx_word' id='word_1_73' title='bbox 808 1154 951 1223; x_wconf 92' lang='lat' dir='ltr'><strong>quod</strong></span> <span class='ocrx_word' id='word_1_74' title='bbox 993 1162 1135 1204; x_wconf 86' lang='lat' dir='ltr'><strong>esset</strong></span> <span class='ocrx_word' id='word_1_75' title='bbox 1169 1162 1321 1222; x_wconf 88' lang='lat' dir='ltr'><strong>pater</strong></span> <span class='ocrx_word' id='word_1_76' title='bbox 1348 1153 1589 1222; x_wconf 87' lang='lat' dir='ltr'><strong>equiturn</strong></span> <span class='ocrx_word' id='word_1_77' title='bbox 1616 1160 1670 1203; x_wconf 90' lang='lat' dir='ltr'><strong>et</strong></span> <span class='ocrx_word' id='word_1_78' title='bbox 1694 1152 1848 1220; x_wconf 90' lang='lat' dir='ltr'><strong>panis</strong></span> <span class='ocrx_word' id='word_1_79' title='bbox 1875 1160 2145 1220; x_wconf 83' lang='lat' dir='ltr'><strong>egentum,</strong></span> <span class='ocrx_word' id='word_1_80' title='bbox 2175 1161 2229 1204; x_wconf 87' lang='lat' dir='ltr'><strong>et</strong></span> <span class='ocrx_word' id='word_1_81' title='bbox 2255 1152 2346 1222; x_wconf 90' lang='lat' dir='ltr'><strong>qui</strong></span> 
     </span>
     <span class='ocr_line' id='line_1_10' title="bbox 347 1238 2344 1309; baseline -0.002 -17"><span class='ocrx_word' id='word_1_82' title='bbox 347 1249 532 1309; x_wconf 89' lang='lat' dir='ltr'><strong>posset</strong></span> <span class='ocrx_word' id='word_1_83' title='bbox 580 1240 644 1292; x_wconf 94' lang='lat' dir='ltr'><strong>ad</strong></span> <span class='ocrx_word' id='word_1_84' title='bbox 699 1247 894 1290; x_wconf 89' lang='lat' dir='ltr'><strong>nutum</strong></span> <span class='ocrx_word' id='word_1_85' title='bbox 954 1239 1317 1308; x_wconf 87' lang='lat' dir='ltr'><strong>quorumlibet</strong></span> <span class='ocrx_word' id='word_1_86' title='bbox 1372 1238 1533 1290; x_wconf 90' lang='lat' dir='ltr'><strong>corda</strong></span> <span class='ocrx_word' id='word_1_87' title='bbox 1576 1246 1783 1289; x_wconf 88' lang='lat' dir='ltr'><strong>mutare</strong></span> <span class='ocrx_word' id='word_1_88' title='bbox 1834 1245 2044 1289; x_wconf 84' lang='lat' dir='ltr'><strong>tanturn</strong></span> <span class='ocrx_word' id='word_1_89' title='bbox 2105 1238 2344 1306; x_wconf 85' lang='lat' dir='ltr'><strong>exceptis</strong></span> 
     </span>
     <span class='ocr_line' id='line_1_11' title="bbox 347 1322 2344 1393; baseline -0.001 -18"><span class='ocrx_word' id='word_1_90' title='bbox 347 1325 632 1376; x_wconf 86' lang='lat' dir='ltr'><strong>lividorum</strong></span> <span class='ocrx_word' id='word_1_91' title='bbox 660 1323 929 1387; x_wconf 80' lang='lat' dir='ltr'><strong>cordibus,</strong></span> <span class='ocrx_word' id='word_1_92' title='bbox 956 1332 1010 1375; x_wconf 91' lang='lat' dir='ltr'><strong>et</strong></span> <span class='ocrx_word' id='word_1_93' title='bbox 1035 1325 1179 1393; x_wconf 92' lang='lat' dir='ltr'><strong>quod</strong></span> <span class='ocrx_word' id='word_1_94' title='bbox 1206 1322 1547 1391; x_wconf 88' lang='lat' dir='ltr'><strong>acceptabilis</strong></span> <span class='ocrx_word' id='word_1_95' title='bbox 1586 1330 1640 1374; x_wconf 90' lang='lat' dir='ltr'><strong>et</strong></span> <span class='ocrx_word' id='word_1_96' title='bbox 1665 1340 1818 1373; x_wconf 89' lang='lat' dir='ltr'><strong>carus</strong></span> <span class='ocrx_word' id='word_1_97' title='bbox 1846 1330 1989 1373; x_wconf 92' lang='lat' dir='ltr'><strong>esset</strong></span> <span class='ocrx_word' id='word_1_98' title='bbox 2015 1323 2344 1374; x_wconf 89' lang='lat' dir='ltr'><strong>Francorum</strong></span> 
     </span>
     <span class='ocr_line' id='line_1_12' title="bbox 347 1408 2343 1479; baseline -0.002 -18"><span class='ocrx_word' id='word_1_99' title='bbox 347 1410 456 1479; x_wconf 88' lang='lat' dir='ltr'><strong>regi</strong></span> <span class='ocrx_word' id='word_1_100' title='bbox 482 1409 789 1477; x_wconf 80' lang='lat' dir='ltr'><strong>caeterisque</strong></span> <span class='ocrx_word' id='word_1_101' title='bbox 817 1409 1009 1478; x_wconf 90' lang='lat' dir='ltr'><strong>quibus</strong></span> <span class='ocrx_word' id='word_1_102' title='bbox 1036 1410 1151 1478; x_wconf 90' lang='lat' dir='ltr'><strong>ipse</strong></span> <span class='ocrx_word' id='word_1_103' title='bbox 1172 1409 1415 1461; x_wconf 89' lang='lat' dir='ltr'><strong>timebat.</strong></span> <span class='ocrx_word' id='word_1_104' title='bbox 1494 1409 1813 1459; x_wconf 87' lang='lat' dir='ltr'><strong>Persecutus</strong></span> <span class='ocrx_word' id='word_1_105' title='bbox 1837 1416 1919 1458; x_wconf 92' lang='lat' dir='ltr'><strong>est</strong></span> <span class='ocrx_word' id='word_1_106' title='bbox 1938 1408 2112 1458; x_wconf 89' lang='lat' dir='ltr'><strong>virum</strong></span> <span class='ocrx_word' id='word_1_107' title='bbox 2138 1408 2343 1459; x_wconf 89' lang='lat' dir='ltr'><strong>bonum</strong></span> 
     </span>
     <span class='ocr_line' id='line_1_13' title="bbox 346 1491 2345 1561; baseline -0.001 -18"><span class='ocrx_word' id='word_1_108' title='bbox 346 1494 402 1544; x_wconf 91' lang='lat' dir='ltr'><strong>in</strong></span> <span class='ocrx_word' id='word_1_109' title='bbox 430 1493 629 1556; x_wconf 79' lang='lat' dir='ltr'><strong>multiS,</strong></span> <span class='ocrx_word' id='word_1_110' title='bbox 656 1493 850 1560; x_wconf 89' lang='lat' dir='ltr'><strong>dejecit</strong></span> <span class='ocrx_word' id='word_1_111' title='bbox 890 1494 1070 1544; x_wconf 86' lang='lat' dir='ltr'><strong>omnia</strong></span> <span class='ocrx_word' id='word_1_112' title='bbox 1105 1493 1397 1561; x_wconf 89' lang='lat' dir='ltr'><strong>municipia</strong></span> <span class='ocrx_word' id='word_1_113' title='bbox 1441 1511 1537 1544; x_wconf 91' lang='lat' dir='ltr'><strong>sua</strong></span> <span class='ocrx_word' id='word_1_114' title='bbox 1581 1491 1736 1561; x_wconf 87' lang='lat' dir='ltr'><strong>quasi</strong></span> <span class='ocrx_word' id='word_1_115' title='bbox 1780 1509 1980 1543; x_wconf 87' lang='lat' dir='ltr'><strong>cornua</strong></span> <span class='ocrx_word' id='word_1_116' title='bbox 2022 1492 2123 1543; x_wconf 92' lang='lat' dir='ltr'><strong>sibi</strong></span> <span class='ocrx_word' id='word_1_117' title='bbox 2162 1500 2345 1543; x_wconf 85' lang='lat' dir='ltr'><strong>retun-</strong></span> 
     </span>
     <span class='ocr_line' id='line_1_14' title="bbox 348 1575 2343 1646; baseline -0.001 -17"><span class='ocrx_word' id='word_1_118' title='bbox 348 1579 497 1641; x_wconf 82' lang='lat' dir='ltr'><strong>denS‚</strong></span> <span class='ocrx_word' id='word_1_119' title='bbox 524 1585 579 1629; x_wconf 93' lang='lat' dir='ltr'><strong>et</strong></span> <span class='ocrx_word' id='word_1_120' title='bbox 602 1577 744 1646; x_wconf 88' lang='lat' dir='ltr'><strong>leges</strong></span> <span class='ocrx_word' id='word_1_121' title='bbox 783 1576 831 1628; x_wconf 92' lang='lat' dir='ltr'><strong>ei</strong></span> <span class='ocrx_word' id='word_1_122' title='bbox 870 1577 1077 1628; x_wconf 87' lang='lat' dir='ltr'><strong>debitas</strong></span> <span class='ocrx_word' id='word_1_123' title='bbox 1121 1577 1501 1645; x_wconf 86' lang='lat' dir='ltr'><strong>libertatesque</strong></span> <span class='ocrx_word' id='word_1_124' title='bbox 1528 1576 1758 1644; x_wconf 87' lang='lat' dir='ltr'><strong>negavit,</strong></span> <span class='ocrx_word' id='word_1_125' title='bbox 1785 1583 1839 1626; x_wconf 89' lang='lat' dir='ltr'><strong>et</strong></span> <span class='ocrx_word' id='word_1_126' title='bbox 1864 1575 2086 1626; x_wconf 88' lang='lat' dir='ltr'><strong>nimiam</strong></span> <span class='ocrx_word' id='word_1_127' title='bbox 2112 1575 2343 1628; x_wconf 88' lang='lat' dir='ltr'><strong>inimicis</strong></span> 
     </span>
     <span class='ocr_line' id='line_1_15' title="bbox 348 1660 2344 1730; baseline 0 -17"><span class='ocrx_word' id='word_1_128' title='bbox 348 1662 457 1713; x_wconf 90' lang='lat' dir='ltr'><strong>suis</strong></span> <span class='ocrx_word' id='word_1_129' title='bbox 487 1661 634 1712; x_wconf 90' lang='lat' dir='ltr'><strong>dedit</strong></span> <span class='ocrx_word' id='word_1_130' title='bbox 658 1661 713 1711; x_wconf 92' lang='lat' dir='ltr'><strong>in</strong></span> <span class='ocrx_word' id='word_1_131' title='bbox 751 1661 1121 1730; x_wconf 89' lang='lat' dir='ltr'><strong>possessiones</strong></span> <span class='ocrx_word' id='word_1_132' title='bbox 1162 1679 1285 1712; x_wconf 89' lang='lat' dir='ltr'><strong>suas</strong></span> <span class='ocrx_word' id='word_1_133' title='bbox 1312 1668 1657 1730; x_wconf 88' lang='lat' dir='ltr'><strong>potestatem.</strong></span> <span class='ocrx_word' id='word_1_134' title='bbox 1734 1660 1860 1727; x_wconf 89' lang='lat' dir='ltr'><strong>Ipse</strong></span> <span class='ocrx_word' id='word_1_135' title='bbox 1886 1678 2011 1711; x_wconf 91' lang='lat' dir='ltr'><strong>vero</strong></span> <span class='ocrx_word' id='word_1_136' title='bbox 2040 1660 2344 1713; x_wconf 89' lang='lat' dir='ltr'><strong>dissimula-</strong></span> 
     </span>
     <span class='ocr_line' id='line_1_16' title="bbox 345 1745 2344 1817; baseline 0 -19"><span class='ocrx_word' id='word_1_137' title='bbox 345 1747 454 1810; x_wconf 84' lang='lat' dir='ltr'><strong>bat,</strong></span> <span class='ocrx_word' id='word_1_138' title='bbox 481 1748 730 1798; x_wconf 91' lang='lat' dir='ltr'><strong>decenter</strong></span> <span class='ocrx_word' id='word_1_139' title='bbox 754 1747 965 1815; x_wconf 90' lang='lat' dir='ltr'><strong>patiens</strong></span> <span class='ocrx_word' id='word_1_140' title='bbox 993 1748 1134 1815; x_wconf 91' lang='lat' dir='ltr'><strong>quod</strong></span> <span class='ocrx_word' id='word_1_141' title='bbox 1162 1746 1465 1817; x_wconf 84' lang='lat' dir='ltr'><strong>oportebat.</strong></span> <span class='ocrx_word' id='word_1_142' title='bbox 1535 1745 1778 1814; x_wconf 89' lang='lat' dir='ltr'><strong>Contigit</strong></span> <span class='ocrx_word' id='word_1_143' title='bbox 1803 1754 1983 1797; x_wconf 89' lang='lat' dir='ltr'><strong>autem</strong></span> <span class='ocrx_word' id='word_1_144' title='bbox 2002 1747 2145 1815; x_wconf 92' lang='lat' dir='ltr'><strong>quod</strong></span> <span class='ocrx_word' id='word_1_145' title='bbox 2173 1748 2344 1798; x_wconf 92' lang='lat' dir='ltr'><strong>multo</strong></span> 
     </span>
     <span class='ocr_line' id='line_1_17' title="bbox 346 1831 2343 1902; baseline -0.001 -18"><span class='ocrx_word' id='word_1_146' title='bbox 346 1841 653 1902; x_wconf 84' lang='lat' dir='ltr'><strong>praeconatu</strong></span> <span class='ocrx_word' id='word_1_147' title='bbox 704 1834 903 1884; x_wconf 88' lang='lat' dir='ltr'><strong>festum</strong></span> <span class='ocrx_word' id='word_1_148' title='bbox 949 1833 1054 1884; x_wconf 92' lang='lat' dir='ltr'><strong>diei</strong></span> <span class='ocrx_word' id='word_1_149' title='bbox 1109 1833 1301 1883; x_wconf 89' lang='lat' dir='ltr'><strong>natalis</strong></span> <span class='ocrx_word' id='word_1_150' title='bbox 1348 1831 1572 1883; x_wconf 89' lang='lat' dir='ltr'><strong>Domini</strong></span> <span class='ocrx_word' id='word_1_151' title='bbox 1617 1831 2005 1900; x_wconf 89' lang='lat' dir='ltr'><strong>proclamatum</strong></span> <span class='ocrx_word' id='word_1_152' title='bbox 2047 1832 2150 1882; x_wconf 88' lang='lat' dir='ltr'><strong>fuit</strong></span> <span class='ocrx_word' id='word_1_153' title='bbox 2199 1833 2343 1901; x_wconf 92' lang='lat' dir='ltr'><strong>apud</strong></span> 
     </span>
     <span class='ocr_line' id='line_1_18' title="bbox 348 1915 2342 1985; baseline 0.001 -18"><span class='ocrx_word' id='word_1_154' title='bbox 348 1917 651 1968; x_wconf 88' lang='lat' dir='ltr'><strong>Cadomum</strong></span> <span class='ocrx_word' id='word_1_155' title='bbox 699 1935 729 1966; x_wconf 91' lang='lat' dir='ltr'><strong>a</strong></span> <span class='ocrx_word' id='word_1_156' title='bbox 789 1916 1009 1967; x_wconf 92' lang='lat' dir='ltr'><strong>domino</strong></span> <span class='ocrx_word' id='word_1_157' title='bbox 1054 1934 1176 1985; x_wconf 89' lang='lat' dir='ltr'><strong>rege</strong></span> <span class='ocrx_word' id='word_1_158' title='bbox 1219 1915 1350 1968; x_wconf 85' lang='lat' dir='ltr'><strong>fieri.</strong></span> <span class='ocrx_word' id='word_1_159' title='bbox 1428 1915 1813 1967; x_wconf 85' lang='lat' dir='ltr'><strong>Convenerunt</strong></span> <span class='ocrx_word' id='word_1_160' title='bbox 1865 1933 1990 1983; x_wconf 87' lang='lat' dir='ltr'><strong>ergo</strong></span> <span class='ocrx_word' id='word_1_161' title='bbox 2050 1916 2342 1968; x_wconf 89' lang='lat' dir='ltr'><strong>multitudo</strong></span> 
     </span>
     <span class='ocr_line' id='line_1_19' title="bbox 345 2000 2340 2071; baseline 0.001 -19"><span class='ocrx_word' id='word_1_162' title='bbox 345 2020 629 2053; x_wconf 90' lang='lat' dir='ltr'><strong>numerosa</strong></span> <span class='ocrx_word' id='word_1_163' title='bbox 671 2009 781 2052; x_wconf 90' lang='lat' dir='ltr'><strong>tam</strong></span> <span class='ocrx_word' id='word_1_164' title='bbox 827 2002 1152 2053; x_wconf 89' lang='lat' dir='ltr'><strong>advenarum</strong></span> <span class='ocrx_word' id='word_1_165' title='bbox 1196 2020 1356 2069; x_wconf 90' lang='lat' dir='ltr'><strong>quam</strong></span> <span class='ocrx_word' id='word_1_166' title='bbox 1399 2000 1787 2069; x_wconf 84' lang='lat' dir='ltr'><strong>indigenarum,</strong></span> <span class='ocrx_word' id='word_1_167' title='bbox 1818 2019 2046 2069; x_wconf 90' lang='lat' dir='ltr'><strong>quorum</strong></span> <span class='ocrx_word' id='word_1_168' title='bbox 2085 2002 2340 2071; x_wconf 87' lang='lat' dir='ltr'><strong>capitales</strong></span> 
     </span>
     <span class='ocr_line' id='line_1_20' title="bbox 345 2087 2341 2157; baseline -0.001 -17"><span class='ocrx_word' id='word_1_169' title='bbox 345 2096 497 2141; x_wconf 90' lang='lat' dir='ltr'><strong>erant</strong></span> <span class='ocrx_word' id='word_1_170' title='bbox 533 2106 626 2140; x_wconf 87' lang='lat' dir='ltr'><strong>rex</strong></span> <span class='ocrx_word' id='word_1_171' title='bbox 667 2097 722 2139; x_wconf 93' lang='lat' dir='ltr'><strong>et</strong></span> <span class='ocrx_word' id='word_1_172' title='bbox 758 2088 900 2138; x_wconf 89' lang='lat' dir='ltr'><strong>filius</strong></span> <span class='ocrx_word' id='word_1_173' title='bbox 946 2089 1061 2157; x_wconf 88' lang='lat' dir='ltr'><strong>ejus</strong></span> <span class='ocrx_word' id='word_1_174' title='bbox 1103 2087 1428 2138; x_wconf 87' lang='lat' dir='ltr'><strong>admirabilis</strong></span> <span class='ocrx_word' id='word_1_175' title='bbox 1472 2087 1561 2138; x_wconf 90' lang='lat' dir='ltr'><strong>ille</strong></span> <span class='ocrx_word' id='word_1_176' title='bbox 1604 2105 1699 2138; x_wconf 85' lang='lat' dir='ltr'><strong>rex</strong></span> <span class='ocrx_word' id='word_1_177' title='bbox 1742 2087 2029 2151; x_wconf 87' lang='lat' dir='ltr'><strong>Henricus,</strong></span> <span class='ocrx_word' id='word_1_178' title='bbox 2057 2096 2112 2139; x_wconf 88' lang='lat' dir='ltr'><strong>et</strong></span> <span class='ocrx_word' id='word_1_179' title='bbox 2151 2088 2341 2139; x_wconf 87' lang='lat' dir='ltr'><strong>tertius</strong></span> 
     </span>
     <span class='ocr_line' id='line_1_21' title="bbox 345 2173 2343 2242; baseline -0.001 -16"><span class='ocrx_word' id='word_1_180' title='bbox 345 2174 612 2226; x_wconf 89' lang='lat' dir='ltr'><strong>Henricus</strong></span> <span class='ocrx_word' id='word_1_181' title='bbox 640 2173 884 2225; x_wconf 84' lang='lat' dir='ltr'><strong>Saxoniae</strong></span> <span class='ocrx_word' id='word_1_182' title='bbox 923 2174 1031 2224; x_wconf 87' lang='lat' dir='ltr'><strong>dux</strong></span> <span class='ocrx_word' id='word_1_183' title='bbox 1075 2182 1129 2225; x_wconf 93' lang='lat' dir='ltr'><strong>et</strong></span> <span class='ocrx_word' id='word_1_184' title='bbox 1157 2173 1395 2225; x_wconf 85' lang='lat' dir='ltr'><strong>Bavariae</strong></span> <span class='ocrx_word' id='word_1_185' title='bbox 1422 2181 1551 2224; x_wconf 89' lang='lat' dir='ltr'><strong>tunc</strong></span> <span class='ocrx_word' id='word_1_186' title='bbox 1577 2173 1754 2236; x_wconf 84' lang='lat' dir='ltr'><strong>exul‚†</strong></span> <span class='ocrx_word' id='word_1_187' title='bbox 1778 2190 1942 2240; x_wconf 91' lang='lat' dir='ltr'><strong>gener</strong></span> <span class='ocrx_word' id='word_1_188' title='bbox 1978 2173 2149 2224; x_wconf 87' lang='lat' dir='ltr'><strong>nostri</strong></span> <span class='ocrx_word' id='word_1_189' title='bbox 2186 2173 2343 2242; x_wconf 82' lang='lat' dir='ltr'><strong>regis,</strong></span> 
     </span>
     <span class='ocr_line' id='line_1_22' title="bbox 342 2256 2344 2326; baseline 0 -16"><span class='ocrx_word' id='word_1_190' title='bbox 342 2277 522 2310; x_wconf 90' lang='lat' dir='ltr'><strong>comes</strong></span> <span class='ocrx_word' id='word_1_191' title='bbox 569 2259 817 2310; x_wconf 86' lang='lat' dir='ltr'><strong>Pictaviae</strong></span> <span class='ocrx_word' id='word_1_192' title='bbox 860 2258 1120 2309; x_wconf 86' lang='lat' dir='ltr'><strong>Ricardus</strong></span> <span class='ocrx_word' id='word_1_193' title='bbox 1149 2258 1239 2326; x_wconf 92' lang='lat' dir='ltr'><strong>qui</strong></span> <span class='ocrx_word' id='word_1_194' title='bbox 1278 2276 1421 2309; x_wconf 90' lang='lat' dir='ltr'><strong>nunc</strong></span> <span class='ocrx_word' id='word_1_195' title='bbox 1464 2259 1700 2326; x_wconf 82' lang='lat' dir='ltr'><strong>regnat,‡</strong></span> <span class='ocrx_word' id='word_1_196' title='bbox 1731 2258 1840 2308; x_wconf 87' lang='lat' dir='ltr'><strong>dux</strong></span> <span class='ocrx_word' id='word_1_197' title='bbox 1870 2256 2155 2309; x_wconf 89' lang='lat' dir='ltr'><strong>Britonum</strong></span> <span class='ocrx_word' id='word_1_198' title='bbox 2182 2259 2344 2310; x_wconf 87' lang='lat' dir='ltr'><strong>frater</strong></span> 
     </span>
     <span class='ocr_line' id='line_1_23' title="bbox 343 2342 2342 2412; baseline -0.001 -17"><span class='ocrx_word' id='word_1_199' title='bbox 343 2345 460 2412; x_wconf 92' lang='lat' dir='ltr'><strong>ejus</strong></span> <span class='ocrx_word' id='word_1_200' title='bbox 490 2343 834 2411; x_wconf 67' lang='lat' dir='ltr'><strong>GaufriduS,§</strong></span> <span class='ocrx_word' id='word_1_201' title='bbox 865 2351 920 2396; x_wconf 87' lang='lat' dir='ltr'><strong>et</strong></span> <span class='ocrx_word' id='word_1_202' title='bbox 946 2343 1186 2412; x_wconf 90' lang='lat' dir='ltr'><strong>episcopi</strong></span> <span class='ocrx_word' id='word_1_203' title='bbox 1226 2343 1401 2407; x_wconf 83' lang='lat' dir='ltr'><strong>multi,</strong></span> <span class='ocrx_word' id='word_1_204' title='bbox 1428 2361 1551 2394; x_wconf 89' lang='lat' dir='ltr'><strong>cum</strong></span> <span class='ocrx_word' id='word_1_205' title='bbox 1577 2342 1852 2411; x_wconf 90' lang='lat' dir='ltr'><strong>provincia</strong></span> <span class='ocrx_word' id='word_1_206' title='bbox 1892 2343 2049 2411; x_wconf 89' lang='lat' dir='ltr'><strong>plena</strong></span> <span class='ocrx_word' id='word_1_207' title='bbox 2083 2344 2342 2395; x_wconf 90' lang='lat' dir='ltr'><strong>comitum</strong></span> 
     </span>
     <span class='ocr_line' id='line_1_24' title="bbox 341 2428 2341 2498; baseline 0 -18"><span class='ocrx_word' id='word_1_208' title='bbox 341 2436 397 2480; x_wconf 92' lang='lat' dir='ltr'><strong>et</strong></span> <span class='ocrx_word' id='word_1_209' title='bbox 420 2428 699 2479; x_wconf 89' lang='lat' dir='ltr'><strong>baronum.</strong></span> <span class='ocrx_word' id='word_1_210' title='bbox 777 2428 918 2479; x_wconf 88' lang='lat' dir='ltr'><strong>Cum</strong></span> <span class='ocrx_word' id='word_1_211' title='bbox 961 2428 1123 2496; x_wconf 88' lang='lat' dir='ltr'><strong>igitur</strong></span> <span class='ocrx_word' id='word_1_212' title='bbox 1164 2429 1378 2480; x_wconf 89' lang='lat' dir='ltr'><strong>adesset</strong></span> <span class='ocrx_word' id='word_1_213' title='bbox 1413 2429 1498 2480; x_wconf 92' lang='lat' dir='ltr'><strong>die</strong></span> <span class='ocrx_word' id='word_1_214' title='bbox 1536 2429 1675 2480; x_wconf 84' lang='lat' dir='ltr'><strong>festo</strong></span> <span class='ocrx_word' id='word_1_215' title='bbox 1722 2429 1914 2479; x_wconf 89' lang='lat' dir='ltr'><strong>natalis</strong></span> <span class='ocrx_word' id='word_1_216' title='bbox 1959 2429 2179 2480; x_wconf 90' lang='lat' dir='ltr'><strong>domino</strong></span> <span class='ocrx_word' id='word_1_217' title='bbox 2229 2428 2341 2498; x_wconf 90' lang='lat' dir='ltr'><strong>regi</strong></span> 
     </span>
     <span class='ocr_line' id='line_1_25' title="bbox 340 2513 2339 2584; baseline 0.002 -20"><span class='ocrx_word' id='word_1_218' title='bbox 340 2514 431 2583; x_wconf 92' lang='lat' dir='ltr'><strong>qui</strong></span> <span class='ocrx_word' id='word_1_219' title='bbox 457 2515 606 2565; x_wconf 89' lang='lat' dir='ltr'><strong>daret</strong></span> <span class='ocrx_word' id='word_1_220' title='bbox 630 2532 820 2582; x_wconf 89' lang='lat' dir='ltr'><strong>aquam</strong></span> <span class='ocrx_word' id='word_1_221' title='bbox 847 2513 1092 2565; x_wconf 89' lang='lat' dir='ltr'><strong>manibus</strong></span> <span class='ocrx_word' id='word_1_222' title='bbox 1119 2515 1253 2582; x_wconf 85' lang='lat' dir='ltr'><strong>erS‚</strong></span> <span class='ocrx_word' id='word_1_223' title='bbox 1281 2532 1402 2566; x_wconf 89' lang='lat' dir='ltr'><strong>ecce</strong></span> <span class='ocrx_word' id='word_1_224' title='bbox 1429 2532 1525 2583; x_wconf 87' lang='lat' dir='ltr'><strong>per</strong></span> <span class='ocrx_word' id='word_1_225' title='bbox 1551 2514 1788 2565; x_wconf 89' lang='lat' dir='ltr'><strong>medium</strong></span> <span class='ocrx_word' id='word_1_226' title='bbox 1815 2533 2080 2584; x_wconf 85' lang='lat' dir='ltr'><strong>pressurae</strong></span> <span class='ocrx_word' id='word_1_227' title='bbox 2115 2515 2339 2584; x_wconf 75' lang='lat' dir='ltr'><strong>praedic-</strong></span> 
     </span>
     <span class='ocr_line' id='line_1_26' title="bbox 341 2599 2340 2669; baseline 0.001 -20"><span class='ocrx_word' id='word_1_228' title='bbox 341 2608 427 2650; x_wconf 91' lang='lat' dir='ltr'><strong>tus</strong></span> <span class='ocrx_word' id='word_1_229' title='bbox 454 2599 795 2662; x_wconf 78' lang='lat' dir='ltr'><strong>Willielmus,</strong></span> <span class='ocrx_word' id='word_1_230' title='bbox 822 2617 884 2650; x_wconf 93' lang='lat' dir='ltr'><strong>eo</strong></span> <span class='ocrx_word' id='word_1_231' title='bbox 912 2599 1057 2667; x_wconf 91' lang='lat' dir='ltr'><strong>quod</strong></span> <span class='ocrx_word' id='word_1_232' title='bbox 1098 2607 1242 2651; x_wconf 91' lang='lat' dir='ltr'><strong>esset</strong></span> <span class='ocrx_word' id='word_1_233' title='bbox 1286 2618 1530 2650; x_wconf 89' lang='lat' dir='ltr'><strong>summus</strong></span> <span class='ocrx_word' id='word_1_234' title='bbox 1572 2601 1910 2664; x_wconf 81' lang='lat' dir='ltr'><strong>camerarius,</strong></span> <span class='ocrx_word' id='word_1_235' title='bbox 1937 2601 2121 2651; x_wconf 90' lang='lat' dir='ltr'><strong>multis</strong></span> <span class='ocrx_word' id='word_1_236' title='bbox 2148 2599 2340 2669; x_wconf 91' lang='lat' dir='ltr'><strong>equiti-</strong></span> 
     </span>
     <span class='ocr_line' id='line_1_27' title="bbox 341 2682 2338 2754; baseline 0.002 -20"><span class='ocrx_word' id='word_1_237' title='bbox 341 2682 442 2734; x_wconf 90' lang='lat' dir='ltr'><strong>bus</strong></span> <span class='ocrx_word' id='word_1_238' title='bbox 468 2692 529 2735; x_wconf 90' lang='lat' dir='ltr'><strong>ut</strong></span> <span class='ocrx_word' id='word_1_239' title='bbox 566 2702 683 2735; x_wconf 89' lang='lat' dir='ltr'><strong>mos</strong></span> <span class='ocrx_word' id='word_1_240' title='bbox 728 2684 844 2752; x_wconf 87' lang='lat' dir='ltr'><strong>ejus</strong></span> <span class='ocrx_word' id='word_1_241' title='bbox 885 2693 999 2735; x_wconf 89' lang='lat' dir='ltr'><strong>erat</strong></span> <span class='ocrx_word' id='word_1_242' title='bbox 1038 2685 1343 2748; x_wconf 79' lang='lat' dir='ltr'><strong>comitatUS‚</strong></span> <span class='ocrx_word' id='word_1_243' title='bbox 1370 2693 1425 2736; x_wconf 89' lang='lat' dir='ltr'><strong>et</strong></span> <span class='ocrx_word' id='word_1_244' title='bbox 1466 2686 1608 2753; x_wconf 87' lang='lat' dir='ltr'><strong>palla</strong></span> <span class='ocrx_word' id='word_1_245' title='bbox 1647 2686 1887 2754; x_wconf 87' lang='lat' dir='ltr'><strong>projecta</strong></span> <span class='ocrx_word' id='word_1_246' title='bbox 1932 2686 2070 2737; x_wconf 89' lang='lat' dir='ltr'><strong>sicut</strong></span> <span class='ocrx_word' id='word_1_247' title='bbox 2111 2705 2228 2738; x_wconf 90' lang='lat' dir='ltr'><strong>mos</strong></span> <span class='ocrx_word' id='word_1_248' title='bbox 2255 2694 2338 2738; x_wconf 90' lang='lat' dir='ltr'><strong>est</strong></span> 
     </span>
     <span class='ocr_line' id='line_1_28' title="bbox 341 2769 2336 2839; baseline 0.002 -20"><span class='ocrx_word' id='word_1_249' title='bbox 341 2769 724 2832; x_wconf 81' lang='lat' dir='ltr'><strong>ministrorum,</strong></span> <span class='ocrx_word' id='word_1_250' title='bbox 768 2770 951 2836; x_wconf 87' lang='lat' dir='ltr'><strong>pelves</strong></span> <span class='ocrx_word' id='word_1_251' title='bbox 992 2777 1268 2838; x_wconf 89' lang='lat' dir='ltr'><strong>argenteas</strong></span> <span class='ocrx_word' id='word_1_252' title='bbox 1312 2770 1537 2839; x_wconf 88' lang='lat' dir='ltr'><strong>arripuit</strong></span> <span class='ocrx_word' id='word_1_253' title='bbox 1579 2771 1849 2839; x_wconf 85' lang='lat' dir='ltr'><strong>traxitque</strong></span> <span class='ocrx_word' id='word_1_254' title='bbox 1905 2771 2113 2823; x_wconf 88' lang='lat' dir='ltr'><strong>fortiter</strong></span> <span class='ocrx_word' id='word_1_255' title='bbox 2155 2772 2223 2822; x_wconf 92' lang='lat' dir='ltr'><strong>ad</strong></span> <span class='ocrx_word' id='word_1_256' title='bbox 2262 2789 2336 2823; x_wconf 88' lang='lat' dir='ltr'><strong>se.</strong></span> 
     </span>
     <span class='ocr_line' id='line_1_29' title="bbox 338 2852 2338 2923; baseline 0.002 -20"><span class='ocrx_word' id='word_1_257' title='bbox 338 2852 578 2904; x_wconf 86' lang='lat' dir='ltr'><strong>Tenebat</strong></span> <span class='ocrx_word' id='word_1_258' title='bbox 602 2853 689 2904; x_wconf 91' lang='lat' dir='ltr'><strong>ille</strong></span> <span class='ocrx_word' id='word_1_259' title='bbox 713 2853 804 2904; x_wconf 84' lang='lat' dir='ltr'><strong>vix</strong></span> <span class='ocrx_word' id='word_1_260' title='bbox 829 2871 1113 2922; x_wconf 85' lang='lat' dir='ltr'><strong>regemque</strong></span> <span class='ocrx_word' id='word_1_261' title='bbox 1139 2854 1476 2923; x_wconf 88' lang='lat' dir='ltr'><strong>respiciebat,</strong></span> <span class='ocrx_word' id='word_1_262' title='bbox 1516 2854 1607 2923; x_wconf 93' lang='lat' dir='ltr'><strong>qui</strong></span> <span class='ocrx_word' id='word_1_263' title='bbox 1641 2855 1806 2923; x_wconf 88' lang='lat' dir='ltr'><strong>jussit</strong></span> <span class='ocrx_word' id='word_1_264' title='bbox 1847 2873 1937 2907; x_wconf 87' lang='lat' dir='ltr'><strong>eas</strong></span> <span class='ocrx_word' id='word_1_265' title='bbox 1972 2856 2189 2920; x_wconf 81' lang='lat' dir='ltr'><strong>dimitti,</strong></span> <span class='ocrx_word' id='word_1_266' title='bbox 2217 2873 2338 2907; x_wconf 89' lang='lat' dir='ltr'><strong>sus-</strong></span> 
     </span>
     <span class='ocr_line' id='line_1_30' title="bbox 339 2938 2335 3008; baseline 0.003 -20"><span class='ocrx_word' id='word_1_267' title='bbox 339 2938 583 3006; x_wconf 92' lang='lat' dir='ltr'><strong>cepitque</strong></span> <span class='ocrx_word' id='word_1_268' title='bbox 626 2938 892 3006; x_wconf 89' lang='lat' dir='ltr'><strong>patienter</strong></span> <span class='ocrx_word' id='word_1_269' title='bbox 946 2956 1138 3007; x_wconf 88' lang='lat' dir='ltr'><strong>aquam</strong></span> <span class='ocrx_word' id='word_1_270' title='bbox 1195 2939 1261 2991; x_wconf 93' lang='lat' dir='ltr'><strong>de</strong></span> <span class='ocrx_word' id='word_1_271' title='bbox 1316 2939 1519 3008; x_wconf 87' lang='lat' dir='ltr'><strong>rapina.</strong></span> <span class='ocrx_word' id='word_1_272' title='bbox 1594 2939 1918 2991; x_wconf 90' lang='lat' dir='ltr'><strong>Willielmus</strong></span> <span class='ocrx_word' id='word_1_273' title='bbox 1964 2949 2161 3005; x_wconf 85' lang='lat' dir='ltr'><strong>autem,</strong></span> <span class='ocrx_word' id='word_1_274' title='bbox 2212 2959 2335 2993; x_wconf 91' lang='lat' dir='ltr'><strong>cum</strong></span> 
     </span>
    </p>
   </div>
   <div class='ocr_carea' id='block_1_3' title="bbox 345 3112 2335 3504">
    <p class='ocr_par' dir='ltr' id='par_1_3' title="bbox 345 3112 2335 3234">
     <span class='ocr_line' id='line_1_31' title="bbox 395 3112 2335 3164; baseline 0.003 -13"><span class='ocrx_word' id='word_1_275' title='bbox 395 3112 420 3139; x_wconf 88' lang='lat'><strong>*</strong></span> <span class='ocrx_word' id='word_1_276' title='bbox 449 3113 534 3152; x_wconf 89' lang='lat' dir='ltr'><strong>The</strong></span> <span class='ocrx_word' id='word_1_277' title='bbox 561 3118 704 3152; x_wconf 83' lang='lat' dir='ltr'><strong>counts</strong></span> <span class='ocrx_word' id='word_1_278' title='bbox 724 3114 771 3152; x_wconf 88' lang='lat' dir='ltr'><strong>of</strong></span> <span class='ocrx_word' id='word_1_279' title='bbox 793 3114 1043 3154; x_wconf 84' lang='lat' dir='ltr'><strong>Tancarville</strong></span> <span class='ocrx_word' id='word_1_280' title='bbox 1061 3127 1164 3154; x_wconf 84' lang='lat' dir='ltr'><strong>were</strong></span> <span class='ocrx_word' id='word_1_281' title='bbox 1190 3115 1302 3154; x_wconf 89' lang='lat' dir='ltr'><strong>here-</strong></span> <span class='ocrx_word' id='word_1_282' title='bbox 1413 3115 1437 3162; x_wconf 78' lang='lat'>‡</span> <span class='ocrx_word' id='word_1_283' title='bbox 1467 3115 1646 3154; x_wconf 87' lang='lat' dir='ltr'><strong>Richard</strong></span> <span class='ocrx_word' id='word_1_284' title='bbox 1665 3120 1790 3154; x_wconf 87' lang='lat' dir='ltr'><strong>count</strong></span> <span class='ocrx_word' id='word_1_285' title='bbox 1808 3116 1855 3154; x_wconf 88' lang='lat' dir='ltr'><strong>of</strong></span> <span class='ocrx_word' id='word_1_286' title='bbox 1879 3116 2064 3164; x_wconf 89' lang='lat' dir='ltr'><strong>Poitiers‚</strong></span> <span class='ocrx_word' id='word_1_287' title='bbox 2091 3117 2241 3156; x_wconf 88' lang='lat' dir='ltr'><strong>second</strong></span> <span class='ocrx_word' id='word_1_288' title='bbox 2260 3129 2335 3156; x_wconf 86' lang='lat' dir='ltr'><strong>son</strong></span> 
     </span>
     <span class='ocr_line' id='line_1_32' title="bbox 345 3180 2334 3234; baseline 0.003 -16"><span class='ocrx_word' id='word_1_289' title='bbox 345 3180 475 3231; x_wconf 84' lang='lat' dir='ltr'><strong>ditary</strong></span> <span class='ocrx_word' id='word_1_290' title='bbox 495 3181 785 3220; x_wconf 87' lang='lat' dir='ltr'><strong>chamberlains</strong></span> <span class='ocrx_word' id='word_1_291' title='bbox 806 3182 851 3220; x_wconf 90' lang='lat' dir='ltr'><strong>of</strong></span> <span class='ocrx_word' id='word_1_292' title='bbox 866 3182 1119 3233; x_wconf 88' lang='lat' dir='ltr'><strong>Normandy.</strong></span> <span class='ocrx_word' id='word_1_293' title='bbox 1365 3183 1411 3221; x_wconf 89' lang='lat' dir='ltr'><strong>of</strong></span> <span class='ocrx_word' id='word_1_294' title='bbox 1429 3183 1572 3234; x_wconf 86' lang='lat' dir='ltr'><strong>Henry</strong></span> <span class='ocrx_word' id='word_1_295' title='bbox 1593 3183 1668 3230; x_wconf 89' lang='grc' dir='ltr'><strong>ΙΙ.,</strong></span> <span class='ocrx_word' id='word_1_296' title='bbox 1687 3184 1778 3222; x_wconf 88' lang='lat' dir='ltr'><strong>who</strong></span> <span class='ocrx_word' id='word_1_297' title='bbox 1807 3184 2028 3223; x_wconf 88' lang='lat' dir='ltr'><strong>succeeded</strong></span> <span class='ocrx_word' id='word_1_298' title='bbox 2062 3185 2147 3223; x_wconf 85' lang='lat' dir='ltr'><strong>him</strong></span> <span class='ocrx_word' id='word_1_299' title='bbox 2177 3197 2233 3223; x_wconf 87' lang='lat' dir='ltr'><strong>on</strong></span> <span class='ocrx_word' id='word_1_300' title='bbox 2264 3185 2334 3224; x_wconf 89' lang='lat' dir='ltr'><strong>the</strong></span> 
     </span>
    </p>

    <p class='ocr_par' dir='ltr' id='par_1_4' title="bbox 345 3247 2335 3504">
     <span class='ocr_line' id='line_1_33' title="bbox 395 3247 2335 3298; baseline 0.004 -13"><span class='ocrx_word' id='word_1_301' title='bbox 395 3247 423 3294; x_wconf 92' lang='lat'>†</span> <span class='ocrx_word' id='word_1_302' title='bbox 453 3248 590 3297; x_wconf 87' lang='lat' dir='ltr'><strong>Henry</strong></span> <span class='ocrx_word' id='word_1_303' title='bbox 617 3249 686 3286; x_wconf 89' lang='lat' dir='ltr'><strong>the</strong></span> <span class='ocrx_word' id='word_1_304' title='bbox 725 3249 844 3296; x_wconf 90' lang='lat' dir='ltr'><strong>Lion,</strong></span> <span class='ocrx_word' id='word_1_305' title='bbox 875 3250 980 3297; x_wconf 91' lang='lat' dir='ltr'><strong>who,</strong></span> <span class='ocrx_word' id='word_1_306' title='bbox 1013 3251 1055 3287; x_wconf 90' lang='lat' dir='ltr'><strong>in</strong></span> <span class='ocrx_word' id='word_1_307' title='bbox 1079 3251 1197 3298; x_wconf 81' lang='lat'>1180,</span> <span class='ocrx_word' id='word_1_308' title='bbox 1231 3263 1309 3289; x_wconf 87' lang='lat' dir='ltr'><strong>was</strong></span> <span class='ocrx_word' id='word_1_309' title='bbox 1365 3251 1509 3289; x_wconf 83' lang='lat' dir='ltr'><strong>throne</strong></span> <span class='ocrx_word' id='word_1_310' title='bbox 1528 3263 1572 3289; x_wconf 88' lang='lat' dir='ltr'><strong>as</strong></span> <span class='ocrx_word' id='word_1_311' title='bbox 1592 3250 1769 3289; x_wconf 87' lang='lat' dir='ltr'><strong>Richard</strong></span> <span class='ocrx_word' id='word_1_312' title='bbox 1789 3251 1822 3290; x_wconf 95' lang='lat' dir='ltr'><strong>I.</strong></span> <span class='ocrx_word' id='word_1_313' title='bbox 2332 3291 2335 3293; x_wconf 90' lang='grc'><em>,</em></span> 
     </span>
     <span class='ocr_line' id='line_1_34' title="bbox 345 3313 2334 3371; baseline 0.004 -20"><span class='ocrx_word' id='word_1_314' title='bbox 345 3313 533 3363; x_wconf 88' lang='lat' dir='ltr'><strong>deprived</strong></span> <span class='ocrx_word' id='word_1_315' title='bbox 552 3315 597 3353; x_wconf 88' lang='lat' dir='ltr'><strong>of</strong></span> <span class='ocrx_word' id='word_1_316' title='bbox 625 3316 688 3354; x_wconf 93' lang='lat' dir='ltr'><strong>his</strong></span> <span class='ocrx_word' id='word_1_317' title='bbox 717 3316 945 3355; x_wconf 88' lang='lat' dir='ltr'><strong>dominions</strong></span> <span class='ocrx_word' id='word_1_318' title='bbox 967 3317 1018 3368; x_wconf 84' lang='lat' dir='ltr'><strong>by</strong></span> <span class='ocrx_word' id='word_1_319' title='bbox 1037 3318 1105 3355; x_wconf 89' lang='lat' dir='ltr'><strong>the</strong></span> <span class='ocrx_word' id='word_1_320' title='bbox 1125 3330 1310 3368; x_wconf 87' lang='lat' dir='ltr'><strong>emperor</strong></span> <span class='ocrx_word' id='word_1_321' title='bbox 1422 3321 1443 3365; x_wconf 68' lang='grc' dir='ltr'><strong>ξ</strong></span> <span class='ocrx_word' id='word_1_322' title='bbox 1474 3317 1678 3368; x_wconf 82' lang='lat' dir='ltr'><strong>Geoffrey,</strong></span> <span class='ocrx_word' id='word_1_323' title='bbox 1701 3319 1809 3357; x_wconf 86' lang='lat' dir='ltr'><strong>third</strong></span> <span class='ocrx_word' id='word_1_324' title='bbox 1830 3332 1903 3358; x_wconf 88' lang='lat' dir='ltr'><strong>son</strong></span> <span class='ocrx_word' id='word_1_325' title='bbox 1923 3321 1968 3358; x_wconf 89' lang='lat' dir='ltr'><strong>of</strong></span> <span class='ocrx_word' id='word_1_326' title='bbox 1985 3319 2128 3371; x_wconf 84' lang='lat' dir='ltr'><strong>Henry</strong></span> <span class='ocrx_word' id='word_1_327' title='bbox 2149 3320 2225 3367; x_wconf 84' lang='lat' dir='ltr'><strong>IL,</strong></span> <span class='ocrx_word' id='word_1_328' title='bbox 2244 3320 2334 3359; x_wconf 86' lang='lat' dir='ltr'><strong>who</strong></span> 
     </span>
     <span class='ocr_line' id='line_1_35' title="bbox 345 3379 2334 3438; baseline 0.005 -22"><span class='ocrx_word' id='word_1_329' title='bbox 345 3379 573 3427; x_wconf 88' lang='lat' dir='ltr'><strong>Frederick,</strong></span> <span class='ocrx_word' id='word_1_330' title='bbox 601 3383 677 3420; x_wconf 85' lang='lat' dir='ltr'><strong>and</strong></span> <span class='ocrx_word' id='word_1_331' title='bbox 703 3383 863 3433; x_wconf 85' lang='lat' dir='ltr'><strong>obliged</strong></span> <span class='ocrx_word' id='word_1_332' title='bbox 890 3388 934 3422; x_wconf 88' lang='lat' dir='ltr'><strong>to</strong></span> <span class='ocrx_word' id='word_1_333' title='bbox 954 3385 1047 3422; x_wconf 85' lang='lat' dir='ltr'><strong>seek</strong></span> <span class='ocrx_word' id='word_1_334' title='bbox 1068 3397 1091 3422; x_wconf 86' lang='lat' dir='ltr'><strong>a</strong></span> <span class='ocrx_word' id='word_1_335' title='bbox 1109 3385 1247 3435; x_wconf 81' lang='lat' dir='ltr'><strong>refuge</strong></span> <span class='ocrx_word' id='word_1_336' title='bbox 1265 3386 1306 3424; x_wconf 91' lang='lat' dir='ltr'><strong>in</strong></span> <span class='ocrx_word' id='word_1_337' title='bbox 1363 3386 1563 3425; x_wconf 88' lang='lat' dir='ltr'><strong>inherited</strong></span> <span class='ocrx_word' id='word_1_338' title='bbox 1580 3387 1648 3426; x_wconf 89' lang='lat' dir='ltr'><strong>the</strong></span> <span class='ocrx_word' id='word_1_339' title='bbox 1668 3387 1801 3438; x_wconf 84' lang='lat' dir='ltr'><strong>duchy</strong></span> <span class='ocrx_word' id='word_1_340' title='bbox 1821 3388 1867 3426; x_wconf 82' lang='lat' dir='ltr'><strong>of</strong></span> <span class='ocrx_word' id='word_1_341' title='bbox 1899 3388 2068 3438; x_wconf 84' lang='lat' dir='ltr'><strong>Britany</strong></span> <span class='ocrx_word' id='word_1_342' title='bbox 2088 3388 2141 3438; x_wconf 85' lang='lat' dir='ltr'><strong>by</strong></span> <span class='ocrx_word' id='word_1_343' title='bbox 2159 3387 2224 3425; x_wconf 84' lang='lat' dir='ltr'><strong>his</strong></span> <span class='ocrx_word' id='word_1_344' title='bbox 2243 3388 2334 3426; x_wconf 88' lang='lat' dir='ltr'><strong>wife</strong></span> 
     </span>
     <span class='ocr_line' id='line_1_36' title="bbox 346 3446 2265 3504; baseline 0.005 -21"><span class='ocrx_word' id='word_1_345' title='bbox 346 3446 530 3495; x_wconf 87' lang='lat' dir='ltr'><strong>England</strong></span> <span class='ocrx_word' id='word_1_346' title='bbox 551 3451 591 3486; x_wconf 85' lang='lat' dir='ltr'><strong>at</strong></span> <span class='ocrx_word' id='word_1_347' title='bbox 611 3449 678 3487; x_wconf 90' lang='lat' dir='ltr'><strong>the</strong></span> <span class='ocrx_word' id='word_1_348' title='bbox 698 3454 813 3489; x_wconf 90' lang='lat' dir='ltr'><strong>court</strong></span> <span class='ocrx_word' id='word_1_349' title='bbox 831 3451 876 3489; x_wconf 82' lang='lat' dir='ltr'><strong>of</strong></span> <span class='ocrx_word' id='word_1_350' title='bbox 893 3451 1036 3502; x_wconf 88' lang='lat' dir='ltr'><strong>Henry</strong></span> <span class='ocrx_word' id='word_1_351' title='bbox 1058 3452 1118 3490; x_wconf 90' lang='grc' dir='ltr'><strong>ΙΙ.</strong></span> <span class='ocrx_word' id='word_1_352' title='bbox 1366 3453 1611 3502; x_wconf 84' lang='lat' dir='ltr'><strong>Constance,</strong></span> <span class='ocrx_word' id='word_1_353' title='bbox 1628 3454 1822 3504; x_wconf 85' lang='lat' dir='ltr'><strong>daughter</strong></span> <span class='ocrx_word' id='word_1_354' title='bbox 1841 3455 1887 3493; x_wconf 86' lang='lat' dir='ltr'><strong>of</strong></span> <span class='ocrx_word' id='word_1_355' title='bbox 1903 3455 2010 3493; x_wconf 88' lang='lat' dir='ltr'><strong>duke</strong></span> <span class='ocrx_word' id='word_1_356' title='bbox 2031 3454 2171 3493; x_wconf 89' lang='lat' dir='ltr'><strong>Conan</strong></span> <span class='ocrx_word' id='word_1_357' title='bbox 2188 3454 2265 3493; x_wconf 89' lang='lat' dir='ltr'><strong>IV.</strong></span> 
     </span>
    </p>
   </div>
  </div>
 </body>
</html>
