2638 3860
338 296 445 352 Cap.
463 297 543 352 xt]
922 297 1000 332 DE
1041 295 1226 333 NUGIs
1267 294 1642 333 GURIALIUM.
2251 285 2315 332 15

308 425 550 495 positum
575 424 643 477 ad
668 421 933 476 rationem
959 423 1026 476 ab
1052 424 1221 477 altero
1246 440 1388 493 rege,
1430 422 1523 493 qui
1561 440 1841 494 pygmaeus
1879 418 2168 475 videbatur
2204 438 2318 475 non

312 511 605 563 dimidiatae
634 516 872 573 staturae,
900 509 992 579 qui
1017 529 1129 562 non
1155 509 1449 562 excedebat
1474 508 1703 561 simiam.
1773 506 1984 560 Institit
2025 507 2319 561 homuncio

307 615 468 666 capro
508 595 744 648 maximo
787 596 1086 647 secundum
1122 594 1362 647 fabulam
1414 594 1710 658 insidensjss
1750 594 1833 648 vir
1870 593 2042 663 qualis
2087 594 2317 647 describi

310 689 499 751 posset
526 681 657 744 Pan,
685 678 893 731 ardenti
919 680 1072 745 facie,
1098 679 1273 749 capite
1317 679 1572 744 maximO,
1612 678 1779 731 barba
1817 678 2047 731 rubente
2090 681 2317 749 prolixa,

308 774 498 837 pectus
538 765 990 834 contingenteque
1033 766 1256 819 nebride
1306 765 1623 835 praeclarum
1688 765 1915 830 stellata,
1975 766 2062 819 cui
2128 776 2319 821 venter

308 853 576 923 hispiduS‚
604 859 659 903 et
686 869 840 903 crura
864 852 1032 921 pedes
1072 852 1131 903 in
1171 851 1420 920 caprinos
1463 850 1875 920 degenerabant.
1953 850 2122 904 Herla
2168 854 2317 906 solus

308 957 432 990 cum
461 939 576 990 solo
601 935 938 1004 loquebatur.
1012 935 1110 987 Ait
1134 953 1433 1005 pygmaeUS,
1473 935 1644 1004 “Ego
1670 953 1766 988 rex
1791 935 2086 988 multorum
2128 955 2317 1008 regum

308 1030 364 1074 et
387 1021 711 1091 principum,
743 1020 1150 1072 innumerabilis
1194 1028 1250 1072 et
1288 1019 1489 1071 infiniti
1527 1019 1735 1089 populi,
1775 1019 1974 1071 missus
2019 1021 2086 1073 ab
2131 1023 2209 1075 eis
2248 1024 2318 1076 ad

308 1107 363 1158 te
388 1106 563 1158 libens
587 1105 765 1170 veni0,
790 1104 891 1157 tibi
929 1106 1147 1175 quidem
1186 1105 1425 1175 ignotuS,
1470 1104 1567 1157 sed
1605 1104 1672 1156 de
1716 1104 1860 1155 fama
1899 1122 2019 1173 quae
2061 1112 2116 1156 te
2157 1124 2320 1175 super

307 1190 441 1243 alios
466 1208 618 1259 reges
644 1190 838 1243 extulit
875 1192 1124 1243 exultans
1165 1190 1402 1260 quidem,
1443 1197 1500 1242 et
1542 1190 1782 1259 optimus
1826 1207 1885 1242 es
1928 1197 1984 1242 et
2026 1189 2146 1243 loco
2185 1191 2321 1244 mihi

306 1275 591 1345 proximus
642 1283 698 1328 et
747 1275 1023 1345 sanguine,
1069 1276 1369 1346 dignusque
1409 1274 1500 1345 qui
1542 1275 1761 1345 nuptias
1802 1280 1924 1326 tuas
1964 1293 2053 1328 me
2092 1277 2322 1331 conviva

306 1361 537 1431 gloriose
563 1368 839 1426 venusteS,
867 1380 991 1413 cum
1034 1362 1135 1414 tibi
1179 1363 1510 1414 Francorum
1552 1358 1648 1414 rex
1690 1361 1855 1414 filiam
1897 1379 2050 1414 suam
2095 1362 2321 1429 dederit,

309 1444 454 1512 quod
481 1443 698 1512 quidem
724 1449 778 1495 te
803 1444 1078 1496 nesciente
1106 1444 1428 1514 disponitur,
1473 1451 1529 1496 et
1553 1462 1677 1496 ecce
1701 1444 1863 1514 legati
1887 1447 2116 1500 veniunt
2139 1449 2319 1502 hodie.

311 1527 501 1597 Sitque
527 1528 702 1580 foedus
729 1534 993 1579 aeternum
1017 1526 1159 1577 inter
1184 1544 1304 1590 nOS,
1330 1526 1475 1595 quod
1500 1525 1608 1578 tuis
1634 1526 1871 1595 primum
1896 1528 2140 1581 intersim
2180 1550 2322 1601 nup-

308 1612 417 1677 tiis,
467 1627 523 1665 et
564 1620 626 1665 tu
670 1613 805 1665 meis
846 1611 1114 1664 consimili
1165 1610 1250 1663 die
1292 1618 1422 1680 post
1479 1612 1736 1663 annum.''
1814 1613 1920 1665 His
1960 1613 2116 1667 dictis
2161 1617 2210 1667 ei
2252 1616 2318 1668 ti-

307 1698 458 1767 gride
483 1697 764 1760 velocius†
791 1704 846 1749 et
869 1704 1018 1765 terga
1042 1696 1205 1749 vertit
1248 1704 1304 1748 et
1348 1714 1406 1749 se
1449 1696 1629 1766 rapuit
1667 1696 1735 1748 ab
1776 1699 1944 1751 oculis
1989 1700 2125 1769 ejus,
2201 1703 2320 1755 Rex

308 1783 471 1853 igitur
494 1783 620 1835 inde
647 1802 771 1835 cum
797 1782 1150 1834 admiratione
1174 1781 1406 1846 rediens,
1449 1782 1654 1851 legatos
1681 1784 1935 1854 suscepit,
1981 1786 2105 1855 quia
2133 1805 2319 1857 preces

311 1868 626 1939 acceptavit.
703 1869 828 1923 Quo
869 1867 1138 1920 residente
1181 1867 1474 1920 solenniter
1507 1868 1575 1920 ad
1600 1869 1836 1938 nuptias,
1876 1888 1999 1923 ecce
2035 1891 2316 1943 pygmaeus

309 1963 434 2007 ante
459 1954 632 2024 prima
656 1954 872 2018 fercula,
900 1971 1023 2005 cum
1049 1960 1200 2005 tanta
1236 1953 1583 2006 multitudine
1624 1954 1727 2006 sibi
1770 1955 2132 2009 consimilium
2175 1959 2320 2027 quod

311 2040 514 2093 mensis
538 2039 758 2110 repletis
782 2039 965 2109 plures
991 2037 1120 2090 foris
1147 2056 1308 2107 quam
1333 2038 1482 2091 intus
1503 2039 1849 2094 discumbent
1873 2041 1931 2093 in
1955 2043 2319 2112 papilionibus

308 2125 543 2195 pygmaei
568 2124 800 2194 propriis
826 2124 884 2176 in
910 2132 1189 2176 momento
1219 2124 1523 2193 protensis3
1568 2126 1859 2194 prosiliunt
1884 2127 1951 2180 ab
1977 2129 2182 2181 eisdem
2221 2129 2322 2181 mi—

308 2209 467 2262 nistri
492 2227 616 2261 cum
640 2208 784 2261 vasis
810 2226 877 2261 ex
900 2208 1170 2278 lapidibus
1195 2210 1448 2279 pretiosis
1483 2218 1539 2263 et
1580 2211 1802 2281 integris
1847 2220 1902 2265 et
1940 2214 2163 2267 artificio
2207 2233 2319 2267 non

309 2294 558 2349 imitabili
583 2293 895 2363 compactiS,
920 2294 1121 2363 regiam
1148 2303 1204 2348 et
1227 2296 1529 2366 papiliones
1555 2297 1785 2366 implent
1810 2317 1969 2351 aurea
1992 2300 2080 2353 vel
2111 2300 2323 2369 lapidea·

311 2379 685 2451 suppellectili,
710 2379 846 2430 nihil
874 2379 930 2431 in
975 2386 1196 2448 argento
1236 2379 1324 2432 vel
1365 2379 1512 2449 ligno
1551 2381 1844 2450 propinant
1879 2384 1966 2435 vel
2003 2393 2322 2453 apponunt3

309 2466 619 2535 ubicunque
636 2464 1007 2517 desiderantur
1026 2472 1233 2529 assunt,
1251 2472 1306 2517 et
1322 2483 1433 2517 non
1450 2465 1516 2517 de
1532 2466 1678 2535 regio
1698 2466 1785 2519 vel
1803 2466 1976 2519 alieno
1993 2468 2320 2534 ministrant,

310 2559 490 2605 totum
517 2551 584 2603 de
607 2550 826 2620 proprio
853 2550 1159 2615 effundunt,
1200 2558 1256 2603 et
1282 2551 1348 2603 de
1374 2569 1557 2603 secum
1583 2551 1755 2604 allatis
1782 2552 2025 2604 omnium
2050 2554 2321 2608 excedunt

313 2695 379 2735 ed.
400 2695 573 2743 Michel,
593 2695 676 2734 vol.
697 2694 742 2733 ii.
774 2707 817 2746 p.
838 2694 948 2741 3363
979 2694 1062 2733 and
1094 2694 1165 2733 the
1198 2694 1284 2734 Ro·
1339 2694 1488 2746 legend
1507 2695 1555 2734 of
1571 2695 1712 2735 Herne
1741 2695 1812 2735 the
1846 2695 2012 2735 Hunter
2040 2695 2241 2748 belonged
2272 2683 2317 2738 to

313 2767 427 2802 mant
446 2763 495 2802 de
515 2763 687 2803 Richart
714 2763 781 2801 filz
812 2763 862 2802 de
889 2762 1048 2802 Robert
1080 2763 1119 2802 le
1153 2763 1287 2802 diable
1340 2762 1411 2802 the
1432 2776 1542 2802 same
1561 2763 1666 2803 class
1686 2762 1733 2802 of
1748 2762 2052 2814 superstitious.

315 2828 494 2882 (reprint
524 2830 579 2881 by
610 2829 838 2879 Silvestre).
897 2830 949 2868 In
993 2830 1171 2882 Spanish
1215 2831 1287 2870 the
1394 2829 1420 2857 *
1451 2831 1585 2882 Pliny,
1606 2831 1662 2870 iv.
1690 2833 1755 2878 ll,
1773 2829 1919 2881 speaks
1935 2830 1981 2869 of
1995 2830 2066 2869 the
2077 2831 2316 2882 pygmiesas

311 2898 408 2937 wild
427 2897 556 2936 riders
575 2910 680 2937 were
707 2897 835 2936 called
853 2898 999 2936 huesta
1020 2900 1207 2948 antiqua,
1240 2910 1287 2937 or
1344 2900 1373 2921 ‘⁴
1391 2899 1581 2938 sedentes
1605 2899 1776 2937 arietum
1798 2910 2092 2949 caprarumque
2113 2898 2283 2937 dorsis.”

317 2965 498 3003 exercito
529 2966 715 3014 antiquo.
774 2965 850 3004 See
879 2965 950 3003 the
984 2964 1206 3016 Appendix
1243 2969 1287 3005 to
1395 2966 1426 3014 †
1453 2966 1506 3005 In
1523 2967 1595 3006 the
1615 2966 1836 3006 Bestiaries
1856 2966 1902 3005 of
1918 2965 1990 3004 the
2010 2965 2170 3005 Middle
2203 2966 2315 3018 Ages

313 3031 386 3070 the
407 3031 696 3070 Introduction
713 3034 756 3070 to
776 3031 848 3070 the
868 3031 1084 3071 Narrative
1105 3032 1152 3071 of
1184 3033 1286 3072 Pro·
1342 3033 1413 3072 the
1431 3034 1535 3084 tiger
1553 3034 1588 3073 is
1608 3033 1822 3073 described
1840 3046 1886 3072 as
1905 3033 1975 3072 the
1997 3033 2170 3073 swiftest
2188 3035 2236 3073 of
2261 3035 2316 3075 all

316 3098 507 3149 ceedings
526 3098 685 3149 against
699 3098 815 3138 Alice
832 3098 1019 3150 Kyteler,
1033 3112 1104 3150 pp.
1118 3100 1286 3139 xxxviii.
1343 3100 1529 3139 animals.
1575 3101 1709 3152 Pliny,
1731 3101 1787 3140 N.
1811 3101 1869 3140 H.
1889 3101 1974 3140 viii.
1993 3103 2058 3149 18,
2075 3114 2181 3154 says,
2204 3104 2314 3143 “Ti-

315 3164 397 3204 and
415 3166 472 3205 xl.
531 3166 600 3205 On
618 3166 690 3205 the
720 3178 829 3205 same
859 3166 1007 3217 legend
1039 3179 1189 3217 among
1218 3167 1289 3206 the
1343 3168 1432 3218 grin
1455 3168 1629 3207 Hircani
1648 3173 1690 3208 et
1709 3168 1807 3209 Indi
1824 3169 1963 3210 ferunt
1990 3170 2142 3211 animal
2167 3172 2314 3212 veloci-

319 3232 534 3281 Germans,
556 3234 636 3273 and
655 3233 775 3273 other
801 3232 979 3281 nations,
1013 3246 1080 3273 see
1111 3233 1287 3282 Grimm,
1345 3237 1446 3276 tatis
1466 3236 1732 3277 tremendae.'’

318 3301 528 3342 Deutsche
548 3301 820 3354 Mythologie,
840 3314 911 3354 pp.
934 3304 1167 3341 515—534.
1202 3302 1289 3341 The
