2638 3860
396 389 497 436 208
1105 398 1419 434 GUAL'mm
1462 397 1663 431 MAPEs
2077 395 2274 448 [Distinc.
2297 399 2349 438 V.

384 547 474 590 tur
499 548 552 591 et
577 557 685 591 non
712 538 829 590 dico
857 545 1181 601 meruerunt,
1221 538 1345 606 quia
1370 555 1493 588 cum
1519 554 1616 605 ego
1651 535 1843 586 fuerim
1872 543 2167 589 vestratum
2198 557 2377 607 perse-

385 634 538 677 cutor
561 625 810 693 injustus,
848 631 1025 675 vestra
1051 641 1262 692 semper
1295 623 1398 674 fuit
1434 631 1489 674 et
1519 621 1803 673 laudabilis
1838 628 1893 672 et
1923 622 2071 690 justa
2106 624 2378 689 defensio3

385 713 429 763 si
469 711 595 780 quid
638 718 815 761 autem
841 728 938 761 vos
977 710 1151 761 adhuc
1178 709 1414 778 scrupuli
1451 708 1538 761 vel
1572 707 1732 759 nubis
1765 726 1831 759 ex
1866 708 2057 760 merito
2093 728 2213 761 meo
2249 729 2377 762 con-

382 795 574 858 tristat,
612 812 730 846 mea
753 793 907 846 vobis
945 794 1070 846 inde
1108 795 1316 863 placeat
1350 812 1511 863 quam
1545 793 1763 862 elegerit
1796 811 2022 845 censura
2046 803 2226 846 vestra
2259 796 2375 864 pla-

382 879 573 931 cati0.”
648 879 845 931 Comes
882 879 1043 947 igitur
1081 880 1164 931 his
1190 879 1369 931 verbis
1397 879 1641 948 quamvis
1669 879 1871 930 dolosis
1899 879 2172 944 delinitus,
2204 888 2259 932 et
2284 881 2377 932 ali-

381 964 693 1033 quantulum
730 963 908 1015 animo
946 964 1274 1033 pacificatuS,
1302 965 1483 1017 omnia
1509 982 1604 1033 per
1630 964 1779 1033 prius
1808 982 2089 1033 perperam
2116 973 2376 1019 attentata

379 1049 617 1100 remittit.
695 1048 771 1100 At
816 1049 1087 1114 ChnutUS,
1123 1058 1186 1101 ut
1219 1051 1399 1119 ipsum
1438 1050 1644 1102 cautius
1684 1049 1905 1114 irretiat,
1945 1050 2020 1101 ita
2061 1051 2376 1104 subintulit:

378 1139 411 1163 ‘⁶
429 1135 479 1187 O
507 1135 721 1186 domine
747 1154 943 1200 comes,
969 1137 1252 1189 laetificasti
1291 1137 1525 1188 animam
1563 1154 1755 1199 meam,
1777 1144 1840 1187 ut
1865 1143 1981 1188 tute
2007 1136 2163 1188 vobis
2198 1139 2371 1190 utrius

375 1221 523 1289 regni
562 1239 770 1272 summa
808 1222 1141 1274 committere
1178 1231 1447 1291 praecepta
1482 1222 1708 1291 placeat.
1786 1222 1967 1273 Primo
1999 1223 2223 1274 Daciam
2248 1224 2374 1276 volo

376 1305 620 1370 visitetis,
653 1305 729 1357 ibi
773 1306 1085 1376 disposituri
1123 1315 1287 1376 prout
1311 1308 1551 1359 videritis
1593 1315 1648 1359 et
1681 1307 1987 1371 correcturi,
2027 1308 2183 1360 unica
2221 1328 2372 1362 soror

373 1410 492 1443 mea
548 1392 904 1459 pulcherrima
951 1393 1219 1463 virginum
1279 1402 1334 1446 et
1392 1393 1704 1445 fidelissima
1769 1412 1892 1445 cum
1942 1393 2017 1445 ibi
2072 1395 2192 1447 loco
2249 1415 2370 1448 meo

375 1477 574 1545 praesit,
631 1477 790 1529 breve
841 1497 1021 1530 meum
1067 1480 1132 1531 de
1183 1498 1349 1530 manu
1396 1487 1576 1531 vestra
1627 1478 1902 1547 suscipiet,
1959 1487 2023 1530 ut
2072 1498 2259 1532 omnes
2304 1481 2371 1532 ad

373 1580 471 1613 vos
522 1570 783 1614 convocet
823 1564 1127 1632 optimateS,
1154 1565 1299 1616 aliud
1343 1564 1447 1615 illis
1493 1563 1792 1633 porrigetiS,
1822 1573 1884 1614 ut
1928 1563 2082 1616 vobis
2127 1565 2183 1616 in
2223 1566 2386 1618 omni*

371 1645 561 1697 timore
602 1646 741 1698 sicut
777 1655 831 1698 et
870 1647 1000 1698 mihi
1040 1647 1267 1717 subjecti
1307 1648 1472 1700 sint.”
1566 1647 1776 1699 Annuit
1807 1665 2008 1711 comeS,
2047 1656 2101 1700 et
2139 1652 2371 1719 acceptis

372 1730 623 1783 brevibus
649 1738 703 1782 et
727 1731 940 1783 licentia
964 1733 1113 1785 venit
1139 1732 1366 1802 impiger
1391 1734 1459 1784 ad
1484 1741 1703 1802 portum
1736 1733 1881 1784 unde
1916 1735 2371 1788 transfretandum

371 1824 497 1869 erat.
540 1817 778 1869 Consilio
805 1819 1007 1870 Brandi
1033 1819 1291 1888 capellani
1314 1820 1413 1882 sui,
1432 1838 1591 1888 quem
1609 1819 1876 1889 optimum
1900 1820 2101 1872 sciebat
2122 1821 2178 1871 in
2200 1822 2370 1874 subti-

369 1902 509 1953 libus
559 1903 831 1967 artificem,
872 1911 1161 1973 utrumque
1203 1904 1432 1973 sigillum
1474 1905 1750 1957 fictionem
1791 1905 1930 1973 regis
1978 1913 2071 1956 aut
2108 1906 2270 1958 fidem
2310 1916 2372 1960 ut

370 1987 619 2055 probaret
644 1988 868 2056 aperuit,
906 2007 1017 2040 non
1042 1989 1311 2042 immerito
1338 1998 1584 2042 metuens
1624 1991 1812 2042 Danos
1840 1998 1895 2042 et
1921 1993 2063 2044 dona
2087 1992 2372 2045 ferentes*

371 2072 437 2123 In
452 2073 624 2141 primo
640 2074 836 2142 reperit
850 2082 911 2126 ut
927 2093 1104 2126 coram
1120 2075 1238 2143 ipso
1257 2075 1392 2128 Daci
1408 2075 1755 2127 convenirent
1762 2079 1778 2140 3
1805 2075 1863 2126 in
1881 2077 2134 2141 secundo,
2147 2077 2370 2128 “Sciant

369 2159 522 2211 amici
567 2160 672 2211 mei
712 2160 865 2225 Daci,
900 2161 1091 2213 merito
1132 2161 1264 2212 mihi
1290 2162 1527 2214 virorum
1563 2161 1805 2213 omnium
1832 2162 2206 2227 amantissimi,
2245 2164 2369 2233 quia

368 2244 679 2308 fidelissimi,
706 2245 849 2313 quod
877 2263 1055 2297 comes
1085 2245 1400 2307 GodwinuS,
1421 2248 1490 2298 ad
1515 2264 1673 2315 quem
1691 2265 1788 2316 per
1812 2247 1994 2298 literas
2020 2265 2166 2298 meas
2192 2248 2369 2300 vocati

367 2330 606 2395 venistiS,
647 2331 872 2382 extorsit
922 2349 952 2381 a
1001 2350 1087 2383 me
1126 2339 1236 2382 tam
1276 2332 1460 2384 dolose
1506 2351 1665 2402 quam
1703 2333 1968 2386 violenter
2006 2333 2190 2385 Daciae
2233 2335 2368 2404 regi-

367 2434 489 2467 men
527 2434 622 2484 per
646 2416 954 2481 triennium,
998 2417 1284 2486 providum
1313 2436 1369 2470 se
1396 2418 1529 2469 mihi
1554 2418 1874 2488 fidelemque
1912 2419 2221 2472 ministrum
2254 2422 2368 2474 fore

369 2501 639 2569 spondens
683 2502 749 2552 ad
775 2510 1060 2570 augmenta
1096 2503 1363 2554 redituum
1393 2511 1446 2555 et
1472 2503 1716 2555 omnium
1748 2504 2162 2573 prosperitatem
2188 2524 2367 2558 rerum

367 2594 421 2638 et
444 2594 674 2638 vestram
701 2587 1086 2653 defensionem,
1112 2597 1174 2640 ut
1199 2607 1309 2641 non
1336 2590 1499 2642 fuerit
1518 2590 1554 2642 J
1558 2590 1728 2659 oseph
1755 2591 1998 2660 AEgypto
2025 2592 2247 2657 melior3
2288 2593 2364 2646 sic

367 2690 422 2722 se
447 2672 606 2741 lupus
632 2674 851 2741 pastori,
877 2675 1026 2727 fatuo
1053 2693 1240 2726 canem
1267 2675 1527 2740 exhibuit,
1566 2684 1628 2726 ut
1654 2682 1866 2727 exteros
1893 2675 2114 2728 timores
2141 2677 2361 2746 abigens

366 2758 681 2823 crederetur,
719 2761 913 2828 praedae
938 2761 1158 2812 liberius
1204 2762 1350 2812 solus
1388 2760 1742 2812 incumberet.
1827 2761 2023 2813 Gentis
2063 2763 2362 2831 Anglorum

365 2843 513 2911 cupit
550 2844 733 2895 ulcisci
760 2845 1007 2909 dedecus,
1034 2852 1088 2897 et
1112 2845 1169 2896 in
1196 2844 1454 2913 sanguine
1479 2853 1663 2897 vestro
1688 2845 1920 2914 gloriari.
1996 2847 2153 2899 Sensi
2179 2848 2363 2900 dolum

365 2936 418 2979 et
443 2930 646 2980 assensi
688 2930 954 2998 precibUS,
979 2931 1203 2983 idiotam
1248 2949 1335 2982 me
1363 2931 1641 2994 simulanS,
1666 2939 1729 2982 ut
1770 2950 1934 2983 manu
1958 2940 2138 2985 vestra
2174 2934 2364 2986 mortis

365 3013 550 3064 artifex
587 3032 681 3065 sua
720 3022 892 3066 morte
932 3023 1131 3084 pereat,
1170 3023 1225 3067 et
1265 3034 1295 3066 a
1334 3015 1598 3084 sapientia
1643 3035 1699 3068 se
1728 3017 1925 3069 sentiat
1953 3019 2193 3087 superari
2218 3020 2361 3071 calli-

366 3097 518 3149 ditas.
594 3099 721 3150 Non
763 3100 905 3151 enim
952 3119 1071 3152 sum
1114 3102 1235 3170 ipso
1277 3100 1566 3170 superstite
1597 3119 1690 3153 rex
1740 3102 1933 3154 unicus
1972 3104 2271 3173 Anglorum
2310 3112 2365 3156 et

366 3182 600 3235 Daciae.''
676 3185 974 3238 Godwinus
1014 3187 1119 3238 hoc
1142 3187 1305 3239 breve
1331 3187 1528 3238 mutari
1555 3187 1731 3256 jubet,
1769 3196 1824 3239 et
1850 3196 2038 3241 contra
2071 3198 2199 3242 vota
2234 3209 2359 3243 suo-

365 3282 482 3316 rum
509 3267 599 3335 qui
625 3269 919 3321 suadebant
949 3270 1181 3322 reditum
1216 3290 1326 3340 prae
1361 3272 1572 3337 timore,
1613 3274 2025 3342 magnanimiter
2062 3294 2243 3344 agenS,
2283 3274 2359 3326 sic

419 3384 443 3411 *
479 3387 514 3424 A
529 3388 663 3426 rather
680 3391 864 3440 punning
884 3391 1035 3442 parody
1055 3405 1108 3431 on
1130 3392 1198 3430 the
1217 3392 1298 3431 line
1317 3393 1362 3432 of
1377 3393 1522 3443 Virgil,
1540 3393 1636 3433 AEn.
1657 3394 1702 3433 ii.
1723 3395 1793 3443 49,
1811 3395 2057 3446 “Quicquid
2076 3396 2118 3435 id
2137 3399 2212 3443 est,
2234 3396 2357 3435 timeo

367 3453 527 3493 Danaos
546 3458 584 3493 et
605 3455 707 3494 dona
726 3457 947 3496 ferentes.”
