2638 3860
375 411 442 457 92
1054 416 1366 453 GUALTERI
1407 415 1608 450 MAPEs
2052 414 2247 465 [Distinc.
2271 412 2333 452 11.

376 547 510 599 Haec
556 547 742 599 Graeca
766 545 915 597 fides.
993 543 1318 594 Perventum
1356 547 1439 592 est
1481 539 1701 591 tandem
1726 538 1795 590 ad
1832 556 1995 604 mare,
2033 540 2179 609 quod
2205 536 2361 591 Beati

377 631 592 699 Georgii
613 630 897 681 Brachium
916 627 1126 679 dicitur.
1157 625 1303 677 Hinc
1319 624 1611 694 praemissis
1627 643 1658 675 a
1674 623 1879 676 civibus
1899 624 2015 677 Con
2023 625 2361 692 stantinopo-

371 715 548 766 litanis
578 714 780 766 Graecis
806 712 1022 781 quidem
1041 712 1220 763 favore
1239 709 1546 761 Alexander
1571 716 1625 761 et
1650 726 1837 760 eorum
1862 726 1964 777 ope
1990 710 2359 772 transfretanS,

370 817 465 866 per
490 800 705 850 Portam
730 799 1002 850 Dacorum
1040 795 1306 848 admissus
1333 802 1417 848 est
1442 794 1568 846 dato
1594 793 1767 863 pretio
1794 800 1849 845 et
1880 794 2250 846 indemnitatis
2277 811 2360 844 se-

370 883 608 935 curitate.
682 883 854 934 Erant
879 889 1057 933 autern
1084 880 1140 932 in
1169 877 1642 947 Constantinopoli
1666 883 1945 929 manentes
1970 894 2067 946 per
2088 874 2360 928 Manuelis

369 975 652 1020 attractum
679 986 812 1037 quos
840 968 1075 1019 Francos
1101 964 1458 1035 appellabant,
1484 982 1549 1015 ex
1570 963 1718 1015 omni
1741 963 1850 1015 fere
1875 962 2093 1014 natione
2119 961 2359 1023 advenae,

371 1071 503 1121 quos
533 1053 707 1105 Graeci
731 1051 1187 1122 persequebantur
1213 1050 1336 1103 odio
1354 1049 1589 1120 pessimo
1615 1066 1712 1117 per
1735 1047 2024 1112 invidiam3
2051 1046 2183 1098 adeo
2211 1044 2356 1097 enim

372 1139 629 1190 exhausta
648 1147 730 1191 est
745 1139 827 1191 vis
849 1156 1034 1190 eorum
1060 1156 1090 1188 a
1116 1137 1258 1189 bello
1278 1137 1510 1205 Trojano
1530 1142 1593 1186 ut
1611 1141 1738 1204 post
1756 1135 1977 1204 Ajacem
1999 1134 2081 1202 cuj
2091 1151 2151 1184 us
2170 1130 2359 1184 virtuti

371 1224 525 1275 dolus
551 1224 749 1294 injuste
774 1223 1070 1292 praevaluit,
1095 1222 1230 1273 nihil
1254 1221 1488 1273 habeant
1530 1221 1586 1271 in
1625 1220 1802 1289 aliquo
1844 1219 2157 1271 Graecorum
2189 1218 2358 1287 jacta-

371 1307 474 1362 bile
500 1311 585 1362 vel
610 1310 872 1373 eminenS,
900 1316 954 1361 et
980 1308 1140 1360 etiam
1167 1307 1299 1359 adeo
1325 1314 1387 1358 ut
1411 1308 1550 1358 facta
1587 1305 1658 1357 sit
1695 1306 1771 1357 eis
1808 1305 2073 1358 invidiosa
2111 1302 2355 1356 omnium

372 1395 539 1447 scoria
558 1395 880 1464 populorum
900 1403 954 1446 et
974 1393 1148 1446 omnis
1175 1392 1403 1462 abjectio
1429 1391 1620 1461 plebis,
1697 1390 1908 1443 Scimus
1929 1390 2072 1443 enim
2089 1388 2235 1458 quod
2249 1387 2356 1439 illic

369 1480 740 1549 applicuerunt
764 1478 1186 1548 proscriptorum
1206 1484 1261 1529 et
1281 1478 1693 1545 dampnatorum
1713 1476 1950 1545 fugitivae
1969 1476 2279 1544 phalangeS,
2300 1480 2356 1524 et

369 1584 502 1634 quos
542 1585 572 1617 a
604 1565 834 1634 propriis
878 1564 1133 1633 profugos
1173 1562 1281 1631 egit
1323 1562 1540 1613 sedibus
1583 1562 1769 1613 innata
1802 1561 2104 1630 malignitas
2149 1567 2356 1611 tantam

366 1652 506 1703 inter
541 1651 760 1703 Graecos
799 1650 978 1719 adepti
1012 1656 1140 1700 sunt
1177 1648 1566 1713 auctoritatem,
1605 1655 1668 1699 ut
1705 1648 1843 1701 livor
1877 1666 2063 1700 eorum
2111 1647 2168 1699 in
2205 1647 2355 1715 ipsos

366 1745 620 1806 tanquam
664 1737 720 1787 in
760 1735 1027 1788 redivivos
1072 1735 1322 1786 exardeat
1367 1735 1647 1804 TrojanOS.
1722 1735 1851 1786 Non
1900 1734 2116 1787 invideo
2165 1732 2354 1785 titulos

366 1822 554 1891 origini
581 1822 929 1874 sanctissimae
956 1839 1115 1890 quarn
1141 1820 1411 1872 Dominus
1438 1839 1468 1871 a
1506 1820 1659 1872 cunis
1695 1838 1866 1889 usque
1893 1821 1960 1872 ad
1996 1820 2137 1871 diem
2172 1819 2353 1871 obitus

366 1908 529 1976 signis
568 1915 622 1959 et
658 1907 925 1958 miraculis
964 1914 1046 1958 est
1082 1914 1418 1974 prosecutUS,
1444 1905 1579 1956 nihil
1617 1906 1840 1957 detraho
1880 1923 2015 1974 quos
2047 1905 2205 1973 elegit
2238 1905 2355 1956 Do-

365 1994 574 2056 minus3
602 1993 666 2043 de
684 1992 944 2043 militibus
964 1991 1096 2042 mihi
1126 2009 1300 2043 sermo
1321 1998 1421 2055 est,
1447 2010 1608 2059 quam
1633 1990 1689 2043 id
1708 2009 1878 2059 genus
1903 1991 1960 2042 in
1985 1991 2078 2043 illo
2106 1990 2355 2042 defloruit

366 2077 616 2129 exercitio
654 2077 872 2145 Trojani
909 2076 1190 2139 exercituS,
1227 2094 1327 2128 nec
1365 2084 1449 2128 est
1483 2076 1539 2127 in
1577 2076 1682 2128 illis
1707 2076 1989 2129 inventum
2015 2076 2083 2128 ad
2108 2075 2354 2128 militiam

365 2163 526 2215 decus
551 2171 677 2232 post
701 2163 983 2227 Achillem,
1010 2162 1250 2231 Ajacem,
1276 2169 1331 2214 et
1354 2162 1670 2232 Tydidemssss

718 2317 799 2368 De
825 2313 1090 2381 Gillescop
1118 2317 1273 2368 Scoto
1298 2317 1411 2367 viro
1437 2318 1807 2369 strenuissima
1882 2315 1990 2369 xix.

433 2426 560 2478 Vidi
607 2426 782 2479 virum
833 2446 863 2478 a
914 2427 1093 2479 Scotia
1136 2427 1289 2497 cujus
1332 2428 1449 2479 laus
1497 2428 1574 2481 ibi
1611 2429 1964 2482 aeternitatem
2004 2430 2199 2500 adepta
2236 2440 2352 2497 est-3

363 2531 560 2565 nomen
609 2513 658 2565 ei
703 2513 994 2583 Gillescop‚
1035 2514 1091 2566 id
1129 2522 1212 2566 est
1249 2514 1554 2584 episcopus·
1632 2515 1741 2567 Hic
1779 2534 1902 2567 cum
1952 2516 2204 2570 omnibus
2241 2519 2353 2571 fere

363 2599 576 2662 ducum,
612 2597 933 2666 principum,
972 2606 1025 2651 et
1062 2617 1247 2667 regum
1275 2600 1648 2668 congressibus
1686 2601 1897 2652 illarum
1928 2602 2163 2670 partium
2188 2603 2354 2655 inter-

362 2683 567 2747 fuisset,
607 2683 662 2734 in
705 2683 924 2751 singulis
967 2683 1078 2736 sive
1116 2702 1238 2736 curn
1275 2684 1569 2736 victoribus
1610 2686 1720 2737 sive
1759 2704 1883 2737 cum
1923 2687 2079 2738 victis
2117 2689 2351 2757 pretium

364 2767 641 2836 utriusque
683 2768 808 2819 tulit
851 2767 1094 2836 agminis,
1139 2787 1170 2818 a
1206 2768 1491 2836 juventute
1533 2769 1590 2820 in
1634 2770 1843 2821 senium
1868 2771 2035 2823 felicis
2071 2772 2234 2825 homo
2261 2793 2355 2826 au-

367 2851 544 2916 daciae,
583 2851 668 2903 cui
705 2870 981 2920 nunquam
1019 2853 1297 2904 temeraria
1333 2854 1682 2922 praesumptio
1723 2872 1953 2908 noverca
1992 2864 2091 2920 est,
2136 2876 2260 2910 cum
2295 2860 2353 2911 in

368 2954 525 2987 omne
550 2935 845 3004 periculum
887 2935 1037 3004 quasi
1064 2954 1239 2987 caecus
1265 2936 1491 3002 irruerit,
1518 2946 1573 2990 et
1609 2956 1726 2991 raro
1752 2940 1839 2991 vel
1874 2959 2149 3010 nunquam
2187 2952 2353 2999 tantae

366 3019 700 3088 protervitati
725 3020 834 3071 sint
858 3019 1036 3088 negati
1062 3038 1373 3088 succ-essus3
1413 3024 1699 3093 episcopus
1723 3043 1835 3076 non
1861 3044 1928 3077 ex
1953 3027 2128 3080 officio
2155 3029 2349 3096 dictuS,

423 3177 447 3199 *ἒ
475 3176 573 3215 This
597 3176 632 3215 is
660 3189 684 3215 a
711 3177 874 3216 curicus
902 3177 1027 3229 proof
1050 3178 1095 3217 of
1125 3178 1196 3217 the
1228 3191 1327 3218 con·
1381 3179 1480 3218 time
1500 3192 1523 3218 a
1540 3193 1639 3231 very
1658 3182 1828 3232 popular
1847 3183 2004 3233 subject
2029 3184 2077 3223 of
2098 3197 2286 3226 romanoe
2306 3187 2351 3225 in

372 3247 503 3293 tempt
527 3245 569 3281 in
587 3244 718 3283 which
745 3245 815 3284 the
845 3245 1001 3285 Greeks
1029 3246 1075 3284 of
1108 3247 1177 3285 the
1204 3247 1329 3285 lower
1384 3247 1588 3298 England,
1607 3249 1775 3297 France,
1797 3250 1877 3288 and
1898 3251 2116 3303 Germany.
2155 3254 2242 3292 The
2257 3255 2354 3294 MS.

376 3310 525 3360 empire
553 3323 653 3349 were
680 3313 874 3362 regarded
908 3314 963 3364 by
988 3314 1059 3352 the
1095 3315 1258 3353 nations
1288 3316 1333 3354 of
1383 3315 1456 3353 has
1481 3317 1669 3364 Titiam,
1702 3330 1754 3355 au
1773 3318 1936 3358 evident
1956 3321 2191 3371 corruption
2211 3322 2257 3360 of
2281 3323 2352 3362 the

374 3377 444 3416 the
474 3377 601 3416 West.
657 3378 744 3418 The
768 3379 920 3429 Trojan
947 3393 1034 3420 war-
1055 3394 1134 3421 was
1171 3386 1213 3421 at
1248 3383 1331 3422 this
1386 3384 1514 3423 scribe
1532 3384 1597 3423 for
1619 3385 1828 3434 Tydidem.
