2638 3860
373 394 473 442 160
1071 402 1382 437 GUALTERI
1414 401 1613 436 MAPEs
2053 380 2250 430 [Distinc.
2275 379 2349 418 IV.

364 556 512 599 tuam
557 546 815 616 pristinae,
843 543 1134 596 dummodo
1172 543 1319 611 jures
1369 549 1431 593 ut
1468 541 1614 592 nulla
1651 557 1738 592 me
1787 540 1854 592 de
1905 547 2097 592 caetero
2142 541 2350 610 pictura

363 632 680 685 deformeS.’'
754 629 791 681 J
796 629 967 681 uravit
1006 628 1319 679 monachuS.
1396 627 1698 695 Morpheus
1726 643 1850 677 eum
1877 625 2137 694 appositis
2164 626 2344 678 herbis

364 726 418 770 et
442 715 692 771 violentia
726 714 973 766 carminis
1017 714 1265 777 absolvit,
1295 731 1456 782 seque
1484 712 1746 764 monacho
1775 710 2004 762 similem
2030 712 2232 763 factum
2257 730 2343 764 ca-

363 802 501 854 tenis
544 801 744 852 eisdem
789 799 980 868 alligat.
1057 800 1362 851 Monachus
1402 798 1565 867 igitur
1606 797 1903 848 instructus
1947 795 2013 847 ab
2058 797 2179 865 ipso
2220 796 2350 867 quid

359 894 550 955 ageret,
576 886 714 937 lecto
743 885 899 936 solito
927 884 1216 947 decumbit,
1253 891 1384 948 orat,
1412 883 1595 953 gemit,
1630 882 1809 946 tussit,
1851 888 1913 932 ut
1955 881 2221 946 audiatur,
2247 881 2346 933 ho-

360 990 574 1040 ramque
607 978 794 1022 nactus
838 970 1333 1022 consuetudinalem
1374 969 1562 1037 surgit,
1601 968 1813 1036 pulsat3
1879 974 2245 1018 convocantur
2294 975 2350 1019 et

360 1058 685 1110 conveniunt
710 1057 973 1108 monachi.
1050 1057 1148 1107 Ille
1170 1055 1494 1107 substitutus
1531 1054 1579 1106 ei
1605 1061 1731 1123 post
1755 1055 1935 1121 fugam
1961 1053 2017 1104 in
2044 1053 2219 1105 officio
2248 1072 2347 1105 suo

359 1144 561 1212 primus
588 1142 817 1195 advertit
847 1142 989 1211 quod
1025 1141 1239 1193 redierit
1264 1160 1294 1192 a
1333 1140 1576 1192 vinculiS.
1652 1138 1920 1190 Abbatetn
1947 1139 2050 1190 hoc
2077 1138 2266 1190 edocet
2292 1145 2346 1190 et

359 1230 666 1281 monachos.
774 1228 1061 1290 Mirantur,
1112 1233 1413 1288 accurrunt,
1458 1231 1708 1293 quaerunt
1752 1223 1870 1292 quis
1922 1241 2045 1274 eum
2110 1223 2346 1276 solverit.

361 1315 458 1366 Ille
484 1314 672 1382 quaerit
713 1331 743 1364 a
783 1311 976 1381 quibus
1016 1310 1261 1363 vinculis,
1338 1311 1626 1378 Dompnus
1666 1309 1830 1360 abbas
1864 1308 1912 1360 ei
1952 1309 2132 1376 fugam
2160 1308 2346 1376 objicit

360 1408 415 1452 et
451 1399 626 1451 viduae
653 1406 885 1467 raptum,
912 1398 1218 1465 furtumque
1254 1395 1507 1459 thesauri,
1535 1403 1748 1447 catenas
1784 1402 1838 1446 et
1865 1412 2148 1446 carcerem.
2242 1395 2350 1446 Hic

359 1484 538 1536 omnia
571 1481 1003 1534 constantissime
1029 1490 1203 1550 negat.
1279 1481 1407 1531 Non
1433 1479 1568 1531 vidit
1610 1479 1847 1543 viduam,
1887 1496 1987 1531 nec
2028 1478 2199 1530 sensit
2231 1479 2346 1530 vin-

359 1570 510 1620 cula:
549 1586 771 1619 manum
821 1567 993 1619 elevat
1049 1575 1104 1619 et
1167 1585 1362 1635 magna
1421 1583 1575 1617 cruce
1619 1583 1798 1616 coram
1840 1582 1896 1615 se
1934 1565 2073 1616 facta
2117 1582 2346 1616 vesanos

358 1672 449 1706 eos
478 1652 621 1704 dicit.
689 1651 916 1720 Rapitur
942 1670 1065 1720 ergo
1091 1651 1354 1703 violenter
1379 1650 1446 1701 ad
1469 1668 1749 1712 carcerem,
1776 1649 2048 1700 utiterum
2078 1648 2350 1717 injiciatur

356 1738 599 1792 vinculis,
675 1738 959 1807 Reperitur
1007 1737 1083 1788 ibi
1126 1738 1318 1806 ligatus
1372 1735 1682 1797 consimilis,
1721 1736 1883 1787 frater
1924 1753 2095 1799 meUS,
2137 1742 2351 1786 contor-

355 1842 522 1893 quens
567 1841 645 1888 οε,
683 1842 891 1886 nasum,
930 1831 984 1874 et
1022 1824 1223 1886 OCUIOS,
1265 1831 1319 1874 et
1360 1822 1569 1891 fingens
1610 1821 1685 1872 eis
1737 1820 2082 1872 multimodas
2126 1820 2348 1872 iconiaS.

358 1911 683 1977 Respectant
721 1909 846 1960 hinc
886 1909 1010 1960 inde
1059 1908 1326 1971 monachi,
1382 1907 1786 1958 similitudinem
1835 1906 1987 1957 liberi
2034 1913 2256 1974 stupent
2295 1912 2350 1957 et

358 1994 520 2062 ligati,
547 1993 909 2062 miranturque
937 1994 1080 2062 quod
1117 2001 1404 2062 utrumque
1429 1992 1616 2044 vident
1651 1992 1708 2043 in
1754 1992 1939 2055 altero,
1982 1999 2178 2060 praeter
2203 1991 2348 2059 quod

359 2079 651 2130 monachus
677 2078 788 2142 fiet,
813 2078 900 2130 ille
938 2079 1075 2130 ridet
1101 2086 1155 2130 et
1193 2079 1399 2129 deridet
1436 2096 1527 2129 eos
1548 2098 1562 2142 ;
1603 2085 1657 2128 et
1695 2085 1755 2128 ut
1793 2078 2089 2128 monachus
2118 2076 2347 2128 discredi

356 2181 464 2214 non
502 2162 691 2230 possit,
739 2162 936 2213 catenis
981 2162 1129 2214 exilit
1166 2162 1407 2231 abruptis
1432 2162 1489 2213 in
1528 2181 1647 2214 aera
1691 2181 1815 2214 cum
1853 2180 2047 2230 magno
2086 2161 2347 2213 foramine

353 2248 496 2299 tecti.
572 2247 765 2315 Stupet
814 2247 977 2298 abbas
1030 2255 1084 2298 et
1126 2256 1442 2311 conventuS,
1503 2247 1836 2317 pedibusque
1878 2247 2056 2299 flentis
2116 2255 2171 2299 et
2225 2247 2345 2298 irati

353 2333 527 2384 fratris
569 2332 806 2384 advoluti
849 2332 1060 2384 veniam
1102 2333 1264 2385 errori
1322 2351 1418 2384 suo
1462 2340 1673 2401 petunt,
1718 2332 1999 2384 fantastica
2045 2351 2100 2385 se
2162 2333 2349 2384 dicunt

355 2419 599 2470 illusione
627 2419 896 2486 deceptos.
971 2418 1204 2469 Viduam
1225 2419 1385 2471 etiam
1413 2419 1572 2471 solari
1601 2427 1866 2488 satagunt,
1894 2427 1948 2471 et
1974 2438 2065 2471 eos
2094 2419 2347 2488 deinceps

353 2504 498 2555 omni
548 2503 850 2573 suspicione
902 2513 1105 2556 semota
1163 2506 1407 2573 famaque
1456 2504 1663 2570 firmius
1712 2505 1961 2556 restituta
2010 2505 2341 2557 reverentius

352 2589 667 2641 habuerunt.
745 2590 881 2641 Haec
908 2590 1237 2659 Morpheum
1261 2591 1450 2643 fecisse
1490 2591 1644 2654 sciaS,
1674 2598 1728 2642 et
1753 2609 1839 2642 me
1865 2591 2084 2642 fratrem
2111 2591 2227 2658 ejus
2254 2590 2346 2659 qui

352 2674 545 2726 talibus
571 2683 626 2726 et
651 2682 760 2726 tam
799 2675 1016 2726 urbanis
1054 2676 1359 2744 frequenter
1396 2676 1482 2726 usi
1519 2674 1745 2726 lusibus.
1820 2675 1950 2726 Non
1988 2674 2250 2725 trahimus
2277 2674 2345 2725 ad

351 2761 665 2828 gehennam,
714 2779 824 2812 non
867 2760 922 2812 in
964 2761 1174 2812 inferno
1215 2768 1547 2829 torquemus,
1588 2777 1688 2811 nec
1733 2759 1973 2827 cogimus
2016 2760 2084 2810 ad
2127 2768 2346 2828 peccata

352 2847 670 2916 quempiam,
710 2847 814 2898 nisi
853 2846 1079 2899 venialia
1123 2854 1352 2898 tantum.
1449 2846 1599 2897 Inter
1642 2844 1838 2896 mimos
1879 2845 2099 2897 ludicris
2145 2846 2347 2898 exerci-

352 2938 543 2995 tamur,
570 2940 661 2982 aut
689 2931 824 2983 serio
847 2931 1103 2999 jocundo,
1179 2930 1331 2982 Nihil
1357 2930 1425 2981 ad
1450 2948 1550 2981 nos
1578 2930 1644 2982 de
1672 2929 1917 2995 mortuiS,
1943 2931 2030 2982 vel
2056 2931 2345 2999 perdendis

351 3015 643 3068 animabus,
721 3015 892 3068 Crede
920 3016 1050 3067 mihi
1077 3016 1253 3067 solum
1278 3016 1334 3066 in
1357 3015 1478 3078 hoc,
1498 3022 1560 3066 ut
1579 3015 1783 3084 junctis
1806 3015 2055 3067 manibus
2076 3016 2185 3068 tuis
2205 3017 2347 3069 inter

351 3120 494 3152 meas
521 3102 650 3153 mihi
690 3102 861 3154 fidelis
902 3102 1123 3167 existaS,
1163 3109 1218 3154 et
1256 3101 1498 3154 omnium
1536 3101 1876 3153 inimicorum
1917 3110 2136 3154 tuorum
2176 3103 2348 3155 domi-

353 3186 558 3238 nabis.'’

425 3272 546 3323 Hiis
587 3281 641 3324 et
678 3274 988 3342 hujusmodi
1030 3274 1281 3326 seductus
1308 3273 1518 3337 fabulis,
1545 3273 1705 3325 Eudo
1751 3274 1925 3326 libens
1951 3274 2247 3343 adquiescit
2283 3275 2340 3326 in

353 3356 537 3424 pactiS,
582 3357 682 3409 sibi
726 3360 904 3426 jurato
958 3360 1330 3428 promissoque
1374 3359 1598 3411 firmiter
1643 3359 1787 3428 quod
1845 3360 1892 3412 ei
1949 3360 2121 3411 tribus
2175 3360 2339 3429 signis
