2638 3860
329 319 512 372 Cap.v.]
948 323 1022 357 DE
1065 324 1247 360 NUGIs
1288 324 1662 362 CURIALIUM.
1742 304 1748 309 ’
2206 313 2306 361 221

299 479 451 526 num,
495 464 736 533 profecto
765 465 809 517 si
837 465 1039 535 digredi
1064 466 1190 518 licet
1214 466 1302 519 hic
1328 485 1440 519 non
1466 468 1533 519 ad
1554 466 1869 537 jactantiam
1909 465 2004 519 sed
2042 465 2108 517 ad
2134 465 2308 519 lucem

235 540 238 543 ’
303 545 568 600 bonorum
598 569 840 620 operum,
868 550 1144 603 Lodovico
1187 550 1297 603 filio
1328 552 1521 604 Grossi
1546 553 1749 616 retulit,
1788 560 1843 604 et
1868 553 1935 604 ad
1967 551 2108 604 diem
2156 570 2306 603 suam

300 651 607 701 supremam
630 636 893 705 supprimi
928 635 1300 688 testimonium
1341 638 1653 706 postulavit.
1730 638 2003 707 Leprosos
2039 636 2214 688 laetius
2253 644 2308 688 et

296 719 552 773 libentius
603 722 892 775 exhibebat
943 741 1103 792 quam
1155 722 1286 774 alios
1336 741 1599 793 pauperes
1660 742 1782 776 cum
1849 722 2102 776 omnibus
2163 731 2307 774 esset

296 806 516 858 amicus,
594 808 725 859 Illos
752 816 930 860 autem
967 808 1088 860 ideo
1114 808 1371 877 praecipui
1401 809 1524 878 quia
1550 816 1751 878 quanto
1780 817 1909 860 sunt
1934 806 2304 877 despicabiles»,

296 892 557 961 abjectius
602 901 657 945 et
700 893 1108 946 intollerabilius
1147 894 1398 963 improbi,
1441 902 1593 947 tanto
1645 913 1702 947 se
1755 902 1935 963 sperat
1984 893 2302 962 obsequium

295 987 550 1047 praestare
577 980 698 1032 Deo
724 980 1023 1049 placentius
1051 988 1107 1032 et
1139 981 1484 1033 affectuosius
1526 981 1789 1050 acceptari
1806 1001 1820 1046 ;
1858 981 2024 1050 pedes
2059 979 2135 1032 eis
2161 979 2304 1032 lavat

294 1072 349 1117 et
386 1065 563 1135 tergit,
599 1084 913 1136 magnaeque
952 1084 1158 1118 memor
1186 1067 1545 1136 Magdalenae,
1574 1067 1719 1136 quod
1756 1066 1874 1135 ipsa
1916 1065 2208 1136 complevit
2243 1065 2300 1118 in

294 1167 516 1218 corpore
558 1150 847 1214 dominicO,
883 1151 1111 1202 devotus
1145 1151 1233 1203 hic
1260 1150 1517 1203 membris
1545 1151 1661 1220 ejus
1689 1150 2014 1220 exsequitur.
2092 1150 2200 1202 Sed
2225 1149 2301 1202 ibi

291 1235 467 1287 vitalis
495 1237 629 1288 odor
655 1245 710 1289 et
736 1236 962 1288 dulcedo
990 1254 1082 1288 cor
1107 1237 1382 1288 attrahens
1410 1255 1637 1306 caroque
1664 1236 2050 1299 mundissima3
2085 1235 2298 1287 lethalis

291 1321 378 1373 hic
405 1323 563 1374 foetor
587 1330 643 1375 et
669 1322 968 1374 amaritudo
995 1340 1345 1392 corrumpens
1373 1330 1427 1374 et
1449 1322 1907 1384 saniesulcerosa.
1983 1322 2193 1373 Domos
2220 1320 2297 1373 eis

291 1426 388 1476 per
413 1408 565 1460 villas
610 1407 957 1461 construebat
991 1408 1254 1478 propriaS,
1281 1416 1375 1460 aut
1417 1409 1579 1460 simul
1616 1408 1882 1478 aliquibus
1922 1414 2018 1459 aut
2056 1425 2298 1459 seorsum

289 1494 463 1558 alicui,
496 1495 796 1564 quibusque
834 1495 1086 1548 victualia
1127 1494 1437 1564 providenS.
1514 1495 1704 1547 Unum
1742 1501 1922 1545 tamen
1962 1492 2298 1561 singulariter

288 1581 567 1633 excolebat
609 1581 906 1633 solitarium
946 1581 1002 1632 in
1037 1587 1231 1650 tegete,
1259 1580 1350 1650 qui
1395 1599 1519 1632 cum
1557 1580 1614 1631 in
1639 1579 1997 1649 prosperitate
2023 1578 2294 1631 extitisset

288 1668 586 1719 secundum
613 1668 934 1737 exigentiam
962 1667 1246 1736 probitatis
1273 1675 1329 1718 et
1376 1666 1676 1718 stemmatis
1718 1683 1957 1735 purpura
2000 1664 2196 1716 nobilis
2238 1672 2293 1717 et

286 1753 453 1819 bisso,
482 1754 611 1806 satis
637 1755 694 1805 in
719 1754 866 1823 lepra
892 1753 995 1804 fuit
1020 1761 1243 1822 utraque
1271 1752 1499 1822 dignior.
1577 1752 1685 1804 Hic
1723 1751 1867 1804 enim
1905 1758 1988 1802 est
2024 1750 2294 1819 generosi-

285 1840 411 1892 tatis
464 1840 724 1901 incessuS,
770 1847 834 1891 ut
887 1839 943 1891 in
997 1858 1176 1892 rerum
1226 1846 1517 1907 augmento
1556 1845 1760 1890 crescat
1797 1836 2090 1899 humilitaS,
2135 1843 2189 1887 et
2236 1836 2294 1887 in

285 1926 559 1979 attritione
585 1927 845 1996 patientia
869 1925 1170 1978 roboretur.
1243 1925 1435 1976 Virum
1473 1924 1619 1975 hunc
1646 1941 1858 1991 semper
1882 1922 2002 1973 illac
2026 1921 2292 1974 transiens

283 2012 537 2065 visitabat
562 2030 742 2064 comes
769 2011 1048 2074 attentius,
1069 2011 1185 2079 ejus
1212 2017 1372 2062 utens
1400 2009 1519 2060 utili
1545 2009 1788 2061 consilio.
1843 2007 2086 2076 Contigit
2110 2015 2290 2059 autem

283 2099 569 2168 aliquando
595 2098 838 2149 visitanti
866 2098 1166 2149 secundum
1206 2114 1414 2148 morem
1452 2115 1576 2148 eum
1617 2094 1818 2158 comiti,
1846 2094 1991 2163 quod
2016 2093 2194 2163 ipsum
2222 2094 2289 2145 ad

282 2192 513 2236 mortem
538 2184 836 2236 invenisset
860 2183 1155 2245 infirmum,
1189 2181 1551 2251 praecepitque
1587 2181 1867 2249 proposito
1893 2180 2090 2231 villulae
2118 2181 2288 2248 quati-

279 2291 383 2323 nus
423 2290 605 2323 curam
644 2270 760 2339 ejus
800 2268 1012 2338 egisset.
1114 2269 1248 2319 Post
1290 2266 1493 2335 aliquot
1543 2274 1723 2317 autem
1764 2265 1878 2316 dies
1923 2282 2129 2316 memor
2166 2265 2284 2333 ejus

279 2376 525 2410 reversus
571 2364 655 2408 est
717 2356 784 2406 ad
839 2362 1089 2423 tegetem,
1125 2353 1366 2405 clausum
1412 2351 1556 2421 quod
1599 2350 1803 2420 reperit
1858 2350 2058 2401 ostium
2107 2350 2288 2418 pulsat

279 2443 551 2495 incassum
609 2441 822 2504 domUS,
874 2439 967 2491 sed
1019 2446 1075 2490 et
1113 2456 1320 2489 moram
1363 2437 1491 2488 fecit
1527 2436 1671 2487 ultro
1710 2436 1881 2487 donec
1920 2452 2106 2486 omnes
2145 2435 2284 2486 ultra

278 2538 517 2582 remotos
567 2528 731 2579 videt.
831 2525 1131 2577 Descendit
1178 2524 1341 2593 igitur
1390 2530 1446 2578 et
1492 2522 1689 2574 iterum
1738 2522 1961 2591 pulsans
2011 2521 2283 2572 humiliter

276 2615 479 2679 intulit,
507 2618 541 2643 “
561 2613 784 2666 Amicus
811 2621 988 2664 vester
1013 2610 1318 2662 Teobaldus
1345 2609 1500 2677 petit,
1519 2607 1563 2659 si
1589 2607 1703 2659 fieri
1730 2614 1928 2676 potest,
1949 2616 2010 2656 ut
2035 2617 2278 2674 apertum

277 2704 348 2754 sit
374 2702 422 2754 ei
449 2700 703 2753 ostium.''
780 2698 963 2767 Surgit
1000 2696 1089 2749 ille
1127 2694 1393 2763 bonisque
1433 2692 1610 2744 verbis
1653 2700 1708 2744 et
1739 2691 1895 2743 vultu
1924 2691 2081 2741 laetus
2114 2708 2278 2759 appa-

275 2788 400 2852 ruit,
445 2786 673 2854 benigne
727 2783 967 2852 suscipit,
1013 2789 1066 2834 et
1111 2799 1269 2850 quem
1315 2779 1522 2830 afficere
1566 2778 1755 2830 foetore
1795 2775 2001 2828 solebat
2039 2774 2277 2828 ulcerum

276 2872 594 2925 suavissimo
634 2870 803 2921 reficit
846 2869 1009 2921 odore
1049 2868 1464 2937 pigmentorum.
1543 2864 1775 2915 Miratur
1819 2861 2026 2925 consul,
2053 2869 2107 2912 et
2150 2879 2277 2930 sup-

274 2960 460 3030 primit
514 2959 636 3010 hoc.
729 2956 939 3010 Quaerit
986 2963 1170 3006 utrum
1222 2952 1362 3004 bene
1405 2951 1751 3003 convaluerit.
1847 2948 1945 2999 Ille
1995 2947 2276 3015 respondit

274 3046 494 3116 optime,
521 3044 761 3113 petitque
802 3041 1115 3111 suppliciter
1140 3046 1202 3091 ut
1226 3037 1517 3108 praeposito
1543 3036 1681 3105 bene
1706 3035 1816 3098 fiat,
1842 3052 1906 3085 eo
1933 3033 2076 3102 quod
2110 3033 2273 3085 devo·

272 3142 360 3185 tus
388 3132 436 3183 ei
463 3133 650 3182 fuerat.
727 3130 912 3180 Laetus
939 3127 1064 3178 inde
1083 3124 1426 3177 Theobaldus
1443 3120 1910 3174 benedictionibus
1937 3120 2053 3188 ejus
2080 3119 2273 3171 devote

271 3219 571 3270 conductus
604 3215 731 3279 exit,
776 3214 1096 3281 obviamque
1134 3209 1484 3280 praepositum
1524 3208 1748 3271 habenS,
1784 3206 2085 3275 impensam
2129 3222 2270 3274 aegro

272 3324 452 3357 curam
478 3303 676 3365 laudat,
703 3308 756 3353 et
798 3300 1010 3367 dignam
1040 3297 1210 3349 multa
1235 3294 1584 3348 retributione
1611 3301 1856 3346 testatur.
1933 3291 2036 3343 Cui
2062 3309 2270 3360 praepo-

273 3392 424 3455 situs,
471 3393 504 3420 ‘⁶
526 3388 778 3451 Domine,
823 3392 1093 3456 praecepto
1135 3391 1314 3435 vestro
1360 3380 1563 3434 viventi
1615 3379 1692 3431 fui
1731 3379 1860 3430 satis
1907 3377 2172 3440 assidUUS,
2218 3387 2272 3430 et
