2638 3860
360 343 460 394 Cap.
485 341 564 392 vi.]
1000 343 1078 378 DE
1110 345 1292 381 Nimis
1323 346 1697 383 cvaLmM.
2233 339 2337 387 229

332 481 512 532 minus
552 499 613 533 ea
666 482 751 533 die
796 483 1113 551 praedictum
1157 485 1555 556 imperatorem,
1598 497 1653 541 et
1695 507 1790 558 per
1831 488 2058 555 gratiam
2104 506 2255 540 suam
2293 489 2343 540 ei

333 585 512 618 coram
551 567 720 620 oculis
757 569 958 637 posuit,
986 570 1131 639 quod
1173 571 1353 640 ipsum
1400 574 1665 643 cupiditas
1707 574 1774 625 ad
1812 574 1989 626 fratris
2028 591 2217 626 necem
2242 573 2342 625 im-

333 654 545 722 pulerat
569 662 623 705 et
650 655 817 723 patris
845 655 1068 707 exilium
1109 664 1165 709 et
1208 658 1273 709 ad
1313 659 1513 712 caedem
1540 667 1862 728 praesentem
1890 677 2007 728 quae
2034 659 2340 710 innumera-

334 738 456 791 bilis
502 747 615 791 erat
658 749 713 792 et
752 741 855 792 toti
895 743 1099 794 mundo
1142 743 1436 812 plorabiliS‚
1461 745 1836 815 poenitensque
1878 745 2086 797 fortiter
2124 763 2155 796 a
2188 743 2342 795 malis

335 826 501 878 exivit
524 827 665 878 foras
693 834 747 878 et
771 827 921 879 flevit
946 846 1141 893 amare,
1162 837 1216 881 et
1241 831 1514 883 camerarii
1539 850 1649 884 non
1670 831 1936 883 temerarii
1963 831 2058 883 sed
2085 830 2342 899 sapientis

336 922 392 965 et
417 913 588 965 fidelis
615 932 797 982 opera,
833 914 1083 967 simulato
1110 915 1259 984 prius
1286 917 1476 970 morbo
1498 918 1784 987 januisque
1811 919 2016 983 seratiS,
2043 925 2099 970 et
2124 917 2341 968 demum

337 1001 453 1069 ejus
489 1008 661 1051 morte
712 1000 981 1064 nunciata,
1009 1001 1247 1070 seipsum
1294 1003 1613 1072 proscripsit
1652 1003 1920 1073 poenitens
1964 1010 2020 1055 et
2063 1002 2236 1054 evasit
2276 1001 2344 1052 ad

338 1085 558 1137 exilium
604 1085 930 1138 ultroneum.
1033 1087 1415 1140 procuraverat
1469 1097 1651 1141 autem
1707 1088 2024 1141 camerarius
2066 1096 2341 1139 mortuum

337 1172 456 1223 loco
507 1172 642 1240 erS,
687 1179 742 1223 et
782 1172 1172 1241 pretiosissime
1223 1174 1525 1227 involverat
1567 1174 1843 1227 conditum
1896 1173 2244 1237 aromatibuS,
2289 1178 2345 1224 et

337 1256 599 1326 imperiali
653 1275 855 1326 pompa
897 1258 1122 1327 sepelire
1159 1259 1303 1311 fecit.
1404 1261 1532 1329 Ipse
1570 1268 1750 1312 autem
1798 1259 2080 1329 processit,
2125 1275 2346 1327 corpore

337 1362 523 1411 vaguS,
550 1343 729 1394 animo
756 1343 962 1407 firmuS,
989 1362 1088 1396 nec
1125 1345 1306 1414 potuit
1345 1346 1484 1398 tanti
1524 1346 1634 1397 doli
1671 1346 1836 1397 latere
1862 1363 2084 1414 prorsus
2125 1343 2346 1407 utilitas»,

340 1429 514 1480 bonus
556 1429 699 1481 enim
726 1430 898 1481 fuerat
941 1437 996 1481 et
1022 1438 1284 1499 quantum
1310 1431 1459 1483 visus
1491 1439 1575 1484 est
1594 1432 1744 1500 justa
1769 1430 1990 1482 fallacia.
2067 1429 2264 1481 Multis
2289 1429 2347 1480 in

337 1516 468 1568 locis
495 1524 860 1585 apparuerunt
885 1516 1042 1567 multi
1067 1516 1156 1585 qui
1186 1535 1242 1569 se
1269 1513 1520 1569 dicebant
1543 1517 1696 1568 illum
1721 1516 2097 1586 imperatorem
2126 1533 2262 1578 esse,
2290 1522 2346 1566 et

340 1610 569 1654 mortem
596 1601 767 1671 ipsius
795 1601 1135 1653 simulatione
1162 1603 1489 1665 asserebant,
1515 1610 1641 1672 post
1667 1602 1945 1653 decessum
1973 1601 2140 1652 immo
2167 1619 2344 1653 reces-

343 1708 462 1741 sum
509 1690 645 1758 ejuS,
691 1696 754 1740 ut
795 1687 1137 1739 honorabiles
1178 1688 1522 1752 haberentur,
1566 1697 1623 1740 et
1665 1687 1822 1739 multi
1863 1687 1982 1738 falsi
2024 1686 2347 1756 deprehensi

344 1781 489 1826 sunt.
562 1773 932 1823 Veruntamen
961 1771 1205 1823 Cluniaci
1232 1781 1516 1842 susceptus
1555 1773 1604 1825 ei
1631 1772 1932 1824 simillimus
1972 1779 2032 1822 ut
2058 1770 2349 1832 dicebatur,

342 1876 548 1929 pauper
596 1857 805 1921 habitu,
857 1875 1103 1909 sermone
1146 1857 1308 1909 nimis
1349 1858 1653 1927 ambigUUS,
1697 1867 1760 1909 ut
1815 1876 1881 1910 ex
1936 1857 2057 1927 ipso
2095 1863 2348 1908 neutrum

343 1943 561 2014 agnosci
595 1943 786 2012 possit.
860 1941 1048 1993 Abbas
1075 1950 1273 2005 autem,
1303 1950 1365 1993 ut
1392 1942 1636 1993 Cluniaci
1675 1960 1793 1993 mos
1835 1948 1934 2005 est,
1981 1941 2161 2009 ipsum
2201 1958 2350 1992 reve-

344 2038 524 2083 renter
549 2028 856 2081 exhibebat.
899 2027 1146 2097 Contigit
1172 2035 1351 2079 autem
1370 2028 1514 2097 quod
1541 2028 1812 2096 dompnus
1836 2027 2080 2079 Cluniaci
2099 2027 2351 2078 Aleman-

345 2135 448 2168 nus
475 2116 622 2185 prior
641 2115 866 2178 veniret,
893 2132 1053 2183 quem
1076 2113 1328 2165 dominus
1356 2113 1522 2165 abbas
1544 2114 1611 2165 ad
1637 2114 1813 2164 virum
1847 2113 1999 2164 illum
2026 2112 2348 2164 instructum

346 2201 511 2266 misit,
549 2209 612 2252 ut
660 2200 884 2263 videret,
924 2217 1084 2267 quem
1130 2199 1175 2250 si
1218 2199 1425 2250 viderat
1464 2207 1519 2251 et
1559 2188 1941 2250 manifestaret.
2019 2198 2117 2249 Ille
2169 2215 2348 2248 secum

340 2289 596 2357 juvenem
623 2294 878 2354 nepotem
908 2303 1066 2336 suum
1094 2284 1264 2348 duxit,
1291 2284 1383 2352 qui
1409 2302 1532 2336 cum
1558 2284 1677 2353 ipso
1706 2284 1795 2334 diu
1831 2284 2020 2346 fuerat,
2049 2281 2140 2350 qui
2167 2281 2349 2332 statim

343 2374 465 2441 ipso
504 2372 621 2424 viso
662 2371 797 2422 dixit
835 2388 958 2422 eum
998 2369 1365 2420 simulatorem
1407 2377 1461 2421 et
1510 2369 1724 2420 falsum.
1820 2368 1895 2420 At
1933 2368 2050 2436 ipse
2096 2367 2250 2418 velox
2294 2373 2349 2417 et

345 2459 662 2510 inconfusus
690 2466 744 2508 et
770 2464 940 2518 tutus,
967 2455 1016 2507 ei
1042 2454 1249 2523 alapam
1276 2454 1470 2505 fortem
1501 2454 1666 2517 dedit,
1694 2460 1749 2504 et
1774 2452 1927 2515 dixit,
1955 2455 1989 2480 ‘⁶
2015 2452 2103 2502 Tu
2132 2469 2343 2502 mecum

348 2543 499 2595 fuisti
536 2560 678 2606 vere,
719 2541 814 2593 sed
851 2558 1062 2610 semper
1105 2538 1364 2608 proditor,
1392 2546 1446 2590 et
1488 2538 1545 2589 in
1584 2557 1691 2589 una
1728 2537 2094 2606 proditionum
2135 2543 2346 2586 tuarum

347 2632 677 2698 interceptus
716 2626 950 2689 evasisti,
990 2625 1084 2677 sed
1123 2624 1217 2675 tibi
1261 2623 1478 2692 quidam
1524 2623 1814 2675 satellitum
1859 2623 2051 2691 pedem
2097 2621 2346 2674 dextrum

351 2716 558 2786 spiculo
585 2714 750 2766 misso
777 2711 1083 2781 perforavit,
1110 2710 1253 2761 unde
1281 2709 1475 2760 vulnus
1513 2709 1688 2761 adhuc
1728 2716 1821 2759 aut
1857 2707 2073 2760 cicatrix
2112 2712 2348 2774 apparet.

353 2800 827 2870 Comprehendite,
870 2797 1072 2861 famuli,
1122 2796 1452 2858 traditorem,
1505 2802 1559 2846 et
1602 2793 1910 2846 videbitis.”
1986 2793 2060 2843 Et
2103 2790 2350 2860 apparuit

352 2886 568 2939 cicatrix
581 2906 595 2949 3
618 2891 674 2936 at
694 2883 909 2953 juvenis
931 2882 1023 2946 ait,
1045 2880 1329 2933 “Domino
1351 2897 1471 2931 meo
1493 2898 1651 2948 quem
1677 2879 1779 2931 iste
1807 2896 1863 2930 se
1889 2877 2043 2946 fingit
2070 2874 2349 2944 singularis

350 2979 464 3024 erat
488 2971 544 3022 in
571 2969 791 3021 brachio
819 2969 1008 3019 dextro
1035 2965 1344 3035 proceritaS‚
1378 2972 1441 3015 ut
1485 2972 1632 3015 stans
1670 2971 1921 3015 extentus
1946 2970 2130 3031 posset
2172 2960 2350 3030 palma

348 3076 490 3126 genu
543 3055 792 3106 dextrum
853 3050 1146 3120 operire;''
1209 3049 1353 3118 quod
1402 3048 1518 3118 ipse
1577 3067 1798 3117 surgens
1858 3048 2037 3099 statim
2089 3044 2348 3114 implevit.

351 3142 455 3193 His
475 3140 605 3191 visis
632 3137 958 3207 aliquamdiu
984 3135 1312 3188 reverentius
1340 3132 1611 3184 exhibitus
1633 3140 1732 3196 est,
1772 3140 1826 3184 et
1851 3131 2068 3183 tandem
2095 3131 2347 3181 inventus

349 3236 431 3280 est
456 3227 639 3277 falsus,

421 3312 527 3364 Sed
571 3318 634 3361 ut
674 3308 740 3360 ad
790 3306 1067 3359 materiam
1111 3303 1256 3356 unde
1298 3302 1567 3370 digressus
1614 3320 1732 3353 sum
1775 3309 2025 3364 revertar,
2064 3299 2118 3350 id
2160 3308 2242 3352 est
2281 3299 2349 3350 ad·
