2638 3860
314 336 416 387 cap.
437 334 518 384 iii.]
942 332 1020 366 DE
1062 332 1245 368 noers
1287 332 1660 368 cumAmUM.
2202 318 2302 378 127

285 476 352 528 lis
389 473 490 527 tibi
516 472 774 525 membris
814 471 1176 542 aptitudinem
1216 492 1370 526 suam
1413 473 1683 543 eleganter
1724 471 2078 543 impresserit,
2104 489 2173 524 ne
2200 471 2303 524 diis

285 562 485 614 faceret
502 559 761 613 invidiam
782 559 914 612 citra
934 560 1234 630 perfectum
1261 560 1526 626 substitit,
1546 570 1600 613 et
1615 578 1684 613 ne
1701 559 2025 613 tenerrimus
2048 557 2156 611 oris
2183 557 2302 610 dul-

287 647 489 700 cissimi
508 647 766 699 flosculus
792 654 855 698 ut
879 646 1001 699 visu
1029 646 1105 699 sic
1137 654 1286 699 tactu
1313 654 1538 700 cunctos
1564 653 1828 699 everteret
1865 645 2093 710 animOS,
2143 644 2302 696 foeto-

288 752 403 787 rem
419 733 627 785 innasci
643 732 868 802 pertulit
876 753 891 798 3
931 732 1050 797 tibi,
1068 732 1369 798 karissime,
1385 734 1578 803 loquor
1593 740 1655 784 ut
1670 732 1781 784 filio
1800 739 1970 801 pater,
1987 730 2166 783 modis
2185 748 2301 782 om-

289 819 452 872 nibus
474 817 747 871 exhortari
767 826 821 870 te
839 817 1063 887 cupiens
1085 819 1340 887 quatinus
1361 838 1430 872 ne
1452 819 1674 872 domino
1700 819 1812 887 regi
1833 818 1973 871 circa
1992 817 2200 870 cultum
2218 834 2304 868 ca-

290 905 420 976 pitis
464 913 520 957 et
555 904 739 957 vultus
767 912 877 955 tam
903 904 1242 973 propinquus
1269 905 1509 969 assistas,
1534 905 1697 974 paulo
1725 903 2117 974 temperantius
2145 910 2199 955 et
2222 902 2302 956 vi-

289 991 494 1044 tantius
521 1009 634 1060 age,
659 1007 729 1042 ne
755 998 808 1042 te
834 1007 930 1058 per
954 990 1310 1060 frequentiam
1348 991 1539 1043 reddat
1564 990 1839 1054 odibilem,
1866 989 2013 1059 quod
2048 990 2167 1059 ipse
2201 988 2301 1041 tibi

290 1095 387 1147 per
412 1077 609 1129 amoris
637 1076 774 1128 celat
810 1075 1183 1140 reverentiam,
1229 1084 1285 1128 et
1323 1076 1450 1128 licet
1493 1075 1924 1145 patientissimus
1963 1093 2102 1144 aegre
2139 1075 2304 1127 nimis

292 1163 542 1216 tolerat.”
617 1161 754 1214 Hoec
781 1161 856 1213 ait
883 1161 1091 1226 Parius,
1118 1169 1174 1213 et
1219 1161 1382 1214 simul
1407 1161 1612 1214 obortae
1649 1161 1883 1214 lacrimae
1908 1161 2036 1214 licet
2057 1161 2304 1214 infideles

293 1249 458 1301 fidem
486 1247 752 1300 distillant
771 1264 959 1318 puero·
1038 1247 1236 1317 Stupet
1256 1247 1420 1300 miser
1437 1255 1492 1300 et
1515 1247 1805 1317 obrigescit
1826 1269 1841 1313 3
1875 1247 2067 1300 fletum
2095 1248 2144 1299 ei
2169 1265 2307 1317 prae-

294 1333 457 1385 struit
482 1333 649 1389 nimia
675 1333 876 1386 doloris
903 1333 1164 1398 anxietaS‚
1192 1340 1247 1386 et
1289 1333 1562 1403 loquelam
1598 1340 1654 1385 et
1683 1332 2043 1402 interceptam
2069 1333 2304 1385 animam

294 1419 438 1489 cogit
458 1438 488 1471 a
505 1419 658 1471 venis
679 1419 736 1472 in
757 1437 865 1472 cor.
906 1419 1182 1472 Restituto
1203 1419 1423 1471 tandem
1442 1419 1654 1488 spiritu,
1678 1419 1935 1489 magistro
1956 1426 2183 1488 quantas
2205 1420 2308 1472 scit

294 1513 350 1557 et
374 1506 631 1574 praevalet
666 1514 843 1575 grates
881 1506 1130 1570 exsolvit,
1168 1514 1286 1558 tota
1328 1505 1661 1575 benignitate
1686 1505 1918 1575 pedibus
1946 1506 2063 1574 ejus
2092 1525 2307 1558 accum-

295 1590 447 1643 bens.
490 1590 670 1646 Quam
688 1590 821 1642 dura
840 1589 1082 1659 nequitia
1102 1608 1222 1659 quae
1248 1608 1360 1643 non
1381 1590 1665 1643 miseretur
1682 1599 1737 1643 et
1756 1591 2026 1661 resipiscit
2050 1591 2060 1643 1
2101 1592 2308 1644 Exsur-

295 1677 376 1746 git
400 1695 431 1728 a
458 1676 688 1728 scelesto
722 1676 974 1740 coelestiS,
999 1685 1055 1728 et
1080 1676 1245 1745 pedes
1274 1676 1581 1730 elatissimae
1617 1677 1884 1747 superbiae
1921 1677 2119 1747 linquit
2145 1686 2307 1747 caput

294 1762 612 1815 humilitatis
632 1783 647 1827 3
686 1762 884 1815 mentis
911 1780 1109 1814 moeror
1133 1763 1423 1832 aegerrimae
1449 1764 1647 1816 transit
1670 1763 1728 1816 in
1755 1781 1989 1829 carnem,
2015 1771 2071 1816 et
2095 1764 2306 1817 affiictae

295 1847 507 1900 fortiter
546 1847 740 1900 animae
780 1855 1248 1917 transcorporatur
1290 1849 1555 1919 angustia.
1632 1849 1932 1902 Decumbit
1973 1850 2113 1902 lecto
2134 1870 2150 1916 3
2194 1869 2308 1903 non

297 1934 408 1986 exit
431 1933 731 2003 grabatum.
808 1935 988 1986 Ninus
1016 1953 1176 2004 quem
1196 1935 1504 2004 perdiderat
1528 1936 1738 2006 quaerit,
1764 1936 1989 1989 invento
2015 1936 2073 1988 in
2099 1937 2310 2006 sponda

297 2020 423 2073 lecti
448 2019 617 2072 tristis
645 2020 863 2086 assidet,
894 2028 950 2073 et
976 2021 1062 2073 cui
1086 2022 1260 2075 valide
1288 2023 1617 2092 compatitur
1635 2023 1782 2076 hunc
1806 2023 2039 2092 benigne
2066 2025 2310 2076 consola-

299 2114 405 2158 tur.
470 2107 610 2158 Puer
634 2125 745 2175 prae
765 2108 973 2176 pudore
1002 2107 1189 2160 faciem
1219 2109 1430 2174 avertit,
1456 2128 1525 2162 ne
1550 2111 1741 2163 foetore
1767 2110 1997 2163 mentito
2026 2110 2308 2163 dominum

301 2192 559 2245 offendat.
635 2194 752 2244 Rex
809 2193 1052 2246 veritatis
1106 2194 1309 2247 inscius
1349 2196 1708 2248 vehementiae
1753 2196 2020 2266 passionis
2058 2196 2308 2266 imputat,

300 2278 538 2330 medicos
565 2278 613 2330 ei
640 2297 990 2348 quoscunque
1016 2288 1199 2349 potest
1225 2281 1460 2350 optimos
1488 2282 1726 2347 exhibet,
1753 2289 1808 2334 et
1833 2283 2094 2351 temporis
2132 2291 2308 2336 tractu

301 2383 412 2417 non
439 2365 652 2417 modico
680 2384 870 2417 sanum
898 2365 964 2417 ab
993 2366 1068 2418 eis
1096 2366 1307 2436 accipit.
1374 2368 1515 2419 Puer
1542 2368 1759 2420 sanitati
1785 2368 2001 2420 deditus
2029 2376 2084 2420 et
2110 2370 2305 2436 officio,

302 2451 612 2503 nullatenus
656 2452 723 2504 ad
765 2452 1048 2504 dominum
1090 2471 1251 2504 suum
1295 2454 1578 2522 praesumit
1621 2453 1727 2504 nisi
1763 2461 1990 2506 vocatus
2041 2455 2310 2520 accedere,

302 2536 477 2606 capite
502 2538 822 2591 famulatum
861 2538 1098 2591 demisso
1136 2538 1480 2608 prosequitur
1506 2546 1561 2590 et
1586 2556 1772 2590 averso
1810 2539 1967 2590 vultu
1993 2547 2171 2591 totum
2196 2543 2308 2611 regi

303 2624 540 2693 complet
566 2623 904 2695 obsequium.
982 2625 1162 2677 Ninus
1189 2625 1391 2676 notatis
1429 2624 1515 2676 his
1536 2625 1650 2694 jam
1677 2643 1788 2676 non
1827 2625 1995 2677 credit
2020 2643 2144 2677 eum
2170 2626 2309 2680 bene

302 2709 657 2775 convaluisse,
674 2710 951 2763 cerebrum
971 2710 1020 2763 ei
1036 2711 1224 2763 laesum
1247 2710 1394 2776 dicit,
1413 2711 1500 2763 vel
1516 2711 1692 2764 adhuc
1713 2711 1912 2777 debile3
1940 2711 2033 2763 diu
2059 2712 2308 2780 sustinet,

302 2814 402 2847 nec
427 2795 627 2865 aliquid
667 2797 1014 2867 malignitatis
1054 2805 1118 2849 ut
1160 2798 1363 2850 fraudis
1407 2797 1660 2867 imponit,
1684 2797 1742 2849 in
1767 2805 1977 2868 partem
2004 2797 2200 2851 bonam
2225 2800 2307 2853 in-

305 2888 511 2949 terpres
538 2882 797 2951 optimus,
875 2883 1062 2936 Parius
1103 2883 1267 2954 igitur
1309 2886 1419 2937 fere
1457 2892 1650 2937 votum
1677 2892 1955 2936 assecutus
1982 2885 2187 2937 fraudis
2215 2906 2308 2940 ne-

306 2966 451 3018 fariae
495 2966 674 3020 locum
714 2969 831 3038 ejus
875 2970 1130 3039 frequens
1169 2978 1416 3039 occupat,
1451 2970 1795 3022 accedentem
1837 2978 1981 3022 arcet
2020 2978 2075 3022 et
2117 2973 2308 3041 arguit,

307 3059 362 3104 et
388 3052 540 3120 quasi
566 3053 808 3106 defectus
835 3055 952 3123 ejus
978 3055 1203 3124 implere
1229 3055 1470 3124 cupienS,
1497 3055 1664 3107 altero
1685 3064 1877 3108 vocato
1906 3056 2118 3108 subitus
2146 3058 2311 3112 advo-

306 3136 399 3200 lat,
438 3137 898 3207 castigationibuS,
926 3139 1183 3203 consiliiS,
1209 3147 1264 3191 et
1291 3140 1402 3191 suis
1442 3141 1947 3210 interpositionibus
1984 3161 2108 3195 eum
2150 3143 2309 3214 longe

311 3221 534 3287 detinet,
560 3224 868 3277 venientem
894 3224 1184 3294 vituperat,
1221 3225 1483 3278 vitantem
1524 3226 1724 3292 laudat,
1764 3236 1819 3280 et
1854 3228 2311 3284 incantationibus

310 3308 542 3360 infatuat
568 3309 823 3362 adversis,
901 3309 1110 3362 Diebus
1139 3310 1392 3362 omnibus
1419 3319 1567 3363 totus
1592 3311 1647 3363 in
1675 3312 1918 3365 lacrimas
1948 3332 2082 3383 puer
2107 3315 2314 3371 defluit.
