2638 3860
355 417 455 466 192
612 458 621 469 s.
1102 423 1412 458 GUALTERI
1443 422 1644 457 MAPEs
2013 422 2211 472 [Distinc.
2236 423 2311 461 IV.

350 578 541 622 caetero
595 566 955 623 convivamUS,
1010 562 1210 613 scilicet
1258 569 1321 612 ut
1369 561 1681 612 redeuntem
1733 575 1844 609 non
1895 559 2146 612 admittas
2188 561 2339 613 Ollo-

350 673 493 718 nem,
529 652 621 704 sed
646 649 796 718 quasi
835 666 957 700 cum
984 646 1334 698 admiratione
1361 645 1601 697 omnium
1629 662 1754 696 eum
1780 643 2071 709 diffitearis,
2097 653 2151 697 et
2177 647 2341 698 devo-

349 758 473 791 veas
525 746 578 788 et
627 736 854 802 abneges
905 742 958 784 te
1008 751 1169 784 nosse
1218 732 1511 783 hominem.
1605 731 1727 781 Hoc
1777 748 1807 780 a
1851 729 2039 781 vicinis
2090 731 2341 782 omnibus

348 833 403 877 et
426 823 568 875 notis
608 821 848 873 evincam
892 819 1023 882 fieri,
1065 818 1438 870 vicecomitem
1478 825 1533 868 et
1573 834 1761 867 omnes
1803 814 2080 866 ministros
2125 817 2242 885 ejus
2284 816 2340 867 in

345 910 482 960 hanc
521 906 770 957 inducam
798 903 1137 966 sententiam,
1165 901 1460 952 dummodo
1486 908 1548 951 tu
1574 899 1707 950 mihi
1735 899 1931 962 faveaS,
1959 906 2013 950 et
2039 899 2342 969 quicunque

346 993 522 1047 conati
547 991 744 1043 fuerint
769 990 930 1041 fidem
956 990 1127 1040 facere
1148 987 1421 1057 judicibus
1449 994 1542 1038 aut
1568 985 1725 1038 alicui
1753 986 2028 1055 potestati,
2055 987 2198 1055 quod
2224 987 2340 1056 ipse

346 1090 470 1132 tuus
496 1078 655 1130 fuerit
680 1086 771 1128 aut
796 1077 1017 1128 maritus
1043 1083 1169 1126 tuus
1210 1081 1302 1125 aut
1345 1073 1647 1124 divitiarum
1680 1090 1962 1141 possessor
1986 1072 2228 1137 istarum,
2256 1092 2342 1125 me

346 1165 527 1216 statim
553 1164 734 1215 audito
771 1162 1064 1231 quiescent,
1091 1168 1146 1212 et
1173 1160 1218 1211 si
1243 1167 1487 1228 oporteat
1507 1159 1769 1228 jurabunt
1811 1158 1868 1210 in
1912 1159 2255 1223 contrarium,
2281 1171 2344 1211 ut

346 1250 447 1302 sibi
484 1251 600 1318 ipse
639 1249 704 1300 de
749 1266 805 1299 se
848 1247 1113 1299 discredat
1154 1254 1208 1297 et
1250 1246 1509 1297 fascinata
1534 1253 1714 1297 mente
1741 1245 1867 1296 alias
1904 1253 2053 1296 extra
2092 1264 2147 1296 se
2188 1252 2344 1314 putet

346 1334 651 1387 Ollonem.''
730 1333 846 1396 Illa,
872 1333 998 1384 licet
1031 1332 1134 1382 hoc
1164 1330 1346 1399 perfici
1373 1349 1532 1400 posse
1560 1331 1823 1400 desperet,
1851 1331 2095 1382 assentit.
2173 1331 2341 1383 Sceva

344 1421 504 1489 igitur
529 1420 664 1470 datis
680 1418 879 1487 ubique
896 1417 1129 1486 praemiis
1157 1416 1459 1485 additisque
1477 1415 1774 1484 promissis,
1795 1416 1937 1485 apud
1965 1434 2152 1467 omnes
2179 1425 2340 1468 notos

345 1504 557 1556 Ollonis
601 1503 826 1565 obtinet,
876 1521 987 1553 non
1032 1501 1173 1553 enim
1222 1508 1351 1552 sunt
1399 1500 1566 1552 firmae
1618 1519 1740 1552 cum
1790 1502 2055 1570 perversis
2101 1502 2341 1554 moribus

343 1589 606 1641 amicitiae.
682 1587 985 1656 Principem
1020 1586 1132 1637 adit
1157 1593 1212 1637 et
1231 1585 1458 1654 judiceS,
1496 1593 1550 1637 et
1590 1587 1860 1654 quomodo
1889 1587 2065 1638 solent
2089 1587 2342 1639 infatuari

342 1674 612 1745 pervertit.
687 1674 872 1724 Bonus
917 1671 1124 1724 cunctis
1151 1671 1364 1723 videtur
1404 1671 1559 1723 dolus
1603 1680 1658 1724 et
1697 1672 1868 1723 faceta
1909 1672 2121 1736 derisiO,
2151 1673 2245 1724 sed
2286 1681 2341 1725 et

338 1761 467 1812 utile
492 1766 702 1829 putant,
729 1766 790 1809 ut
814 1758 946 1810 ficus
982 1757 1288 1809 succidatur
1332 1757 1546 1821 steriliS,
1572 1764 1626 1808 et
1663 1758 1936 1826 plantetur
1980 1757 2120 1808 oliva
2157 1758 2341 1810 fructi-

342 1846 523 1897 ficans.
600 1845 793 1895 Manet
817 1862 923 1894 una
950 1862 1072 1894 cum
1098 1861 1263 1894 uxore
1291 1842 1441 1911 quasi
1465 1843 1548 1894 vir
1571 1842 1841 1910 legitimus
1868 1843 1923 1893 in
1961 1843 2122 1894 domo
2153 1843 2338 1909 Sceva,

344 1932 764 1997 commentaeque
812 1935 1109 1996 praeceptor
1170 1928 1371 1978 fraudis
1421 1945 1533 1978 non
1601 1935 1776 1978 cessat
1836 1946 2023 1979 omnes
2073 1929 2340 1983 instruere

343 2015 612 2084 quomodo
661 2014 1020 2082 respondeant
1071 2012 1272 2065 Olloni.
1349 2012 1474 2064 0110
1525 2020 1677 2063 caute
1727 2021 1790 2064 ut
1840 2012 1941 2064 sibi
2007 2014 2221 2066 videtur
2283 2035 2339 2069 se

344 2101 604 2164 absentat,
658 2099 965 2150 auscultans
1005 2099 1175 2150 donec
1227 2098 1315 2150 ille
1371 2097 1664 2162 recesserit,
1704 2098 1954 2166 quatinus
2011 2099 2065 2149 in
2117 2118 2339 2152 uxorem

341 2186 482 2237 ultor
506 2186 817 2254 injuriarum
852 2192 906 2236 et
948 2192 1118 2236 tortor
1160 2184 1354 2236 existat
1397 2184 1511 2235 sine
1557 2191 1915 2248 succurrente,
1962 2196 2016 2236 et
2060 2203 2128 2236 ne
2166 2185 2338 2239 bono-

338 2289 457 2322 rum
508 2289 726 2321 suorum
764 2278 970 2321 vastam
1007 2270 1187 2321 videat
1237 2287 1395 2337 quam
1449 2269 1689 2320 audierat
1731 2269 2069 2322 effusionem.
2147 2272 2337 2325 Minus

341 2357 482 2408 enim
509 2357 711 2408 laedunt
735 2375 919 2408 avaros
945 2356 1118 2408 invisa
1157 2373 1372 2406 suarum
1411 2373 1590 2407 rerum
1636 2356 1958 2408 detrimenta
2004 2376 2164 2427 quam
2205 2359 2337 2412 visa.

341 2442 544 2493 Videns
583 2443 800 2493 tandem
840 2460 1062 2505 moram,
1104 2441 1405 2510 timensque
1449 2442 1764 2510 periculum,
1792 2442 2013 2493 domum
2042 2444 2341 2509 divertitur,

342 2528 519 2597 pulsat
555 2529 794 2597 januam,
840 2536 893 2579 et
938 2528 1082 2597 quod
1125 2545 1236 2578 non
1283 2528 1463 2578 statim
1509 2528 1662 2579 adest
1705 2528 1796 2596 qui
1842 2528 2044 2596 aperiat
2068 2529 2338 2593 irascitur3

340 2615 521 2678 instat,
542 2614 852 2678 tumultuat,
873 2621 927 2665 et
947 2613 1285 2664 excandescit
1301 2633 1315 2678 3
1342 2613 1650 2681 indignatur
1677 2621 1731 2664 et
1758 2613 1929 2664 minas
1956 2614 2121 2666 addit.
2174 2615 2340 2668 Nico-

340 2700 484 2750 laum
528 2717 687 2768 quem
739 2699 1025 2767 janitorem
1073 2717 1230 2750 suum
1275 2700 1472 2751 fecerat
1517 2717 1581 2750 ex
1627 2699 1844 2750 nomine
1891 2699 2120 2768 superbe
2165 2710 2339 2754 vocat.

343 2784 513 2835 Adest
547 2783 634 2834 ille
680 2782 943 2851 similique
981 2791 1191 2834 tumore
1219 2784 1527 2852 respondet,
1571 2787 1606 2812 “
1625 2785 1708 2835 Tu
1735 2783 1853 2852 quis
1881 2786 1972 2836 es?
2014 2785 2143 2853 quid
2168 2786 2338 2837 furis?

342 2888 446 2938 quo
474 2869 682 2937 agitaris
711 2869 987 2919 daemone?
1028 2876 1090 2919 ut
1115 2868 1241 2936 quid
1270 2869 1473 2920 cerebri
1499 2869 1578 2920 tui
1603 2869 1888 2937 plectimur
1913 2870 2153 2935 insaniis,
2180 2890 2340 2940 quare

343 2955 544 3006 domini
569 2954 674 3006 mei
701 2954 934 3022 quietem
960 2954 1181 3005 turbas?
1260 2955 1541 3023 Numquid
1566 2955 1832 3007 lunaticus
1865 2974 1941 3020 68,
1980 2964 2073 3008 aut
2099 2957 2343 3010 similiter

342 3043 556 3092 amens?
597 3048 738 3091 certe
761 3039 805 3090 si
834 3039 1051 3108 desipiS,
1081 3058 1262 3109 sapere
1289 3049 1343 3092 te
1376 3041 1487 3109 jam
1514 3041 1801 3105 faciemus3
1830 3042 1874 3093 si
1901 3061 2011 3094 non
2057 3043 2340 3112 quieveriS,

343 3125 608 3192 quiescere
624 3134 677 3176 te
697 3126 867 3176 fustes
883 3125 1134 3176 facient.'’
1190 3125 1330 3176 Tum
1355 3126 1462 3188 ille,
1485 3130 1519 3154 ‘⁶
1538 3126 1699 3178 Serve
1723 3126 1813 3191 mi,
1829 3127 2092 3196 numquid
2109 3145 2216 3178 non
2241 3146 2339 3197 ego

344 3228 462 3260 sum
479 3211 534 3260 Ρ,
561 3211 815 3262 Nicolaus
839 3231 850 3261 ε
874 3214 908 3240 “
930 3210 1050 3262 Scio
1073 3212 1217 3280 quod
1234 3219 1294 3262 tu
1321 3229 1376 3262 es
1396 3219 1473 3275 tu,
1501 3219 1555 3263 et
1581 3218 1641 3262 tu
1657 3212 1773 3281 ipse
1793 3213 1897 3264 hoc
1918 3213 2150 3264 nescis.”
2178 3213 2335 3264 Ollo:

344 3297 378 3321 ‘⁶
398 3294 472 3344 Et
495 3295 665 3346 nescis
687 3296 829 3364 quod
848 3314 1032 3353 servus
1054 3314 1205 3347 meus
1223 3315 1279 3348 es
1300 3297 1355 3347 ?”
1430 3297 1687 3348 Nicolaus
1708 3318 1719 3348 :
1761 3300 1796 3325 ‘⁶
1817 3297 1940 3349 Scio
1969 3316 2183 3349 servum
2209 3316 2338 3366 pos-

343 3395 606 3429 sessorem
627 3380 811 3431 furiS.”
886 3380 1012 3432 0110
1035 3402 1046 3431 :
1087 3386 1123 3411 “
1141 3382 1306 3450 Aperi
1323 3382 1429 3433 cito
1451 3382 1671 3449 januam
1699 3384 1929 3435 meam.'’
2005 3383 2304 3435 Nicholaus
2328 3406 2339 3436 ε
