2638 3860
355 376 424 422 60
1070 385 1381 421 GUALTERI
1423 383 1622 420 MAPEs
2058 386 2258 436 [Distinc.
2281 386 2316 425 Ι.

357 512 577 576 celluliS,
604 530 829 580 quorum
856 510 1188 563 conversatio
1214 508 1496 561 notissima
1522 515 1633 573 est3
1660 514 1715 560 et
1739 526 1863 560 cum
1890 509 2142 562 omnibus
2168 511 2346 563 modis

356 597 470 648 haec
496 605 735 664 tempora
762 596 1059 647 Dominum
1086 595 1350 646 attrahere
1377 594 1725 657 contendant,
1751 593 1933 645 minus
1972 594 2129 646 nobis
2156 596 2344 647 adesse

355 680 568 732 videtur
593 699 751 748 quam
777 698 898 732 cum
943 681 1008 731 de
1053 679 1211 731 corde
1239 677 1468 746 simplici
1496 676 1610 728 sine
1635 676 1869 728 vestium
1894 685 1988 729 aut
2012 678 2190 730 cultus
2216 679 2344 731 arti-

355 764 477 815 ficio
502 763 800 832 petebatur.
876 763 1027 815 Sicut
1053 763 1197 814 enirn
1224 763 1466 814 cordium
1494 768 1758 814 scrutator
1783 768 1869 813 est
1892 779 2004 813 non
2019 779 2344 830 pannorum,

356 848 431 899 sic
456 847 619 899 animi
655 847 790 900 bene
835 848 1082 917 dispositi
1123 855 1330 899 amator
1373 856 1456 900 est
1499 866 1610 899 non
1650 844 1977 899 vestimenti.
2052 847 2182 898 Non
2220 864 2346 915 ergo

354 950 455 984 nos
497 940 846 984 contemnant
890 933 982 1002 qui
1025 933 1221 986 vilibus
1263 933 1583 996 vestiuntur,
1620 931 1743 1000 quia
1769 930 1861 1000 qui
1888 931 2005 999 capi
2029 949 2140 983 non
2167 931 2349 1000 potuit

353 1018 411 1069 in
438 1035 681 1069 sermone
700 1036 810 1068 non
838 1018 1146 1087 decipietur.
1223 1019 1339 1070 Rex
1364 1026 1549 1069 noster
1569 1016 1837 1069 Henricus
1866 1016 2152 1081 secundus,
2191 1017 2346 1085 cujus

354 1109 682 1170 potestatem
707 1109 854 1154 totus
879 1103 988 1155 fere
1014 1103 1171 1154 timet
1215 1102 1377 1165 orbiS,
1403 1101 1797 1170 preciocissime
1826 1120 2037 1170 semper
2061 1101 2345 1153 redimitus

356 1193 420 1237 ut
440 1187 610 1250 decet,
629 1204 739 1238 non
757 1187 982 1255 apponit
1002 1187 1275 1256 superbire
1296 1206 1394 1239 nec
1420 1187 1619 1256 aliquid
1645 1187 1814 1238 altum
1841 1205 2025 1256 sapere
2050 1186 2348 1255 praesumit,

355 1288 454 1323 nec
479 1289 715 1339 unquam
741 1271 970 1324 elatione
1002 1272 1176 1340 aliqua
1199 1271 1381 1340 lingua
1420 1273 1535 1341 ejus
1576 1272 1902 1337 intumescit,
1947 1290 2047 1324 nec
2092 1290 2148 1324 se
2185 1289 2347 1340 supra

355 1355 630 1407 hominem
657 1355 977 1424 magnificat,
1023 1357 1117 1408 sed
1144 1375 1261 1425 quae
1287 1356 1416 1408 foris
1439 1364 1660 1426 apparet
1684 1357 1741 1407 in
1765 1364 1917 1409 veste
1944 1373 2155 1425 semper
2180 1363 2264 1407 est
2287 1356 2344 1406 in

357 1457 448 1491 ore
481 1439 759 1491 munditia.
838 1439 978 1492 Cum
1014 1441 1085 1492 sit
1111 1441 1159 1493 ei
1197 1459 1356 1493 nemo
1381 1460 1479 1511 par
1502 1442 1663 1494 hodie
1696 1442 1783 1494 vel
1821 1440 2028 1506 similis,
2069 1446 2349 1509 contemp-

356 1524 560 1577 tibilem
590 1543 646 1577 se
672 1524 840 1594 magis
867 1526 1062 1578 fatetur
1087 1544 1247 1594 quarn
1274 1532 1702 1593 contemptorem
1728 1524 1903 1577 faciat.

790 1669 874 1718 De
899 1669 1124 1734 quadam
1148 1675 1286 1720 secta
1312 1669 1689 1720 haereticorum.
1751 1666 1895 1719 xxix.

426 1780 542 1831 Rex
582 1786 765 1831 noster
800 1780 961 1832 etiam
1003 1781 1272 1833 Henricus
1316 1781 1585 1834 secundus
1630 1781 1697 1832 ab
1742 1779 1993 1832 omnibus
2032 1778 2187 1831 terris
2233 1779 2344 1831 suis

355 1871 498 1915 arcet
553 1864 818 1915 haereseos
861 1883 1016 1917 novae
1062 1866 1529 1917 damnosissimam
1574 1873 1793 1930 sectam,
1833 1883 1951 1932 quae
2009 1864 2210 1915 scilicet
2254 1882 2345 1916 ore

355 1948 678 2000 confitentur
704 1949 769 2000 de
798 1949 1014 2000 Christo
1055 1949 1307 2018 quicquid
1347 1958 1402 2002 et
1439 1969 1558 2014 nos,
1601 1950 1697 2002 sed
1735 1949 1889 2001 factis
1924 1949 2218 2000 multorum
2244 1948 2346 1999 rni-

353 2032 486 2082 lium
530 2032 738 2095 turmiS,
777 2051 908 2101 quas
959 2035 1153 2084 Ruttas
1196 2042 1408 2098 vocant,
1458 2034 1647 2085 armati
1689 2033 1907 2102 penitus
1957 2051 1988 2084 a
2029 2032 2227 2084 vertice
2277 2031 2346 2083 ad

354 2117 564 2185 plantas
591 2117 752 2181 cori0,
791 2118 976 2182 calibe,
1003 2118 1255 2183 fustibus,
1294 2126 1349 2171 et
1391 2119 1550 2182 ferro,
1589 2118 1929 2180 monasteria,
1969 2118 2141 2182 villaS,
2184 2116 2344 2169 urbes

353 2202 410 2253 in
435 2202 639 2253 favillas
665 2202 930 2271 redigunt,
957 2203 1216 2255 adulteria
1258 2204 1519 2256 violenter
1554 2211 1609 2255 et
1638 2203 1753 2255 sine
1779 2203 1990 2254 delectu
2013 2209 2345 2271 perpetrant,

351 2287 512 2355 pleno
551 2287 708 2338 corde
744 2287 1000 2351 dicenteS,
1040 2288 1169 2339 Non
1211 2296 1293 2340 est
1318 2289 1524 2341 Deus,>¹<
1601 2288 1738 2340 Haec
1782 2295 1963 2339 autem
2003 2293 2120 2339 orta
2157 2294 2240 2338 est
2288 2287 2346 2339 in

353 2371 677 2435 BrebanniO,
715 2372 858 2423 unde
886 2372 1080 2424 dicitur
1106 2373 1513 2425 Brebeazonum
1533 2393 1548 2437 3
1566 2378 1600 2435 †
1626 2392 1752 2424 nam
1776 2372 1833 2424 in
1859 2371 2033 2440 primo
2059 2371 2346 2423 latrunculi

353 2457 549 2526 egressi
573 2457 743 2525 legem
772 2457 874 2509 sibi
899 2459 1158 2522 fecerunt,
1186 2459 1406 2511 omnino
1435 2466 1621 2510 contra
1644 2458 1836 2527 legem,
1862 2465 1918 2508 et
1942 2456 2190 2508 associati
2217 2465 2347 2509 sunt

352 2543 429 2595 eis
478 2552 697 2614 propter
748 2544 1063 2597 seditionem
1113 2545 1341 2614 fugitivi,
1379 2545 1555 2598 clerici
1604 2544 1742 2608 falsi,
1791 2541 2042 2594 monachi
2091 2540 2252 2604 evasi,
2291 2548 2346 2593 et

410 2711 432 2732 *
465 2708 532 2747 Ps.
555 2708 641 2748 xiii.
666 2713 703 2748 1.
727 2712 754 2731 “
775 2710 892 2751 Dixit
911 2711 1107 2761 insipiens
1135 2712 1179 2749 in
1199 2712 1320 2750 corde
1377 2711 1581 2758 Gueraud,
1611 2712 1655 2749 in
1684 2710 1754 2749 the
1784 2708 2072 2759 Bibliotheque
2107 2708 2156 2747 de
2188 2707 2346 2749 l’Ecole

353 2788 441 2823 suo,
463 2776 560 2814 Non
580 2780 642 2814 est
661 2775 823 2815 'Deus.'’
1377 2779 1447 2816 des
1470 2778 1658 2824 Chartes,
1679 2778 1762 2816 vol.
1784 2777 1845 2815 iii.
1876 2789 1918 2827 p.
1942 2778 2035 2814 123.
2093 2776 2273 2815 Jacobus
2295 2777 2345 2815 de

406 2844 434 2889 †
461 2843 593 2881 These
614 2856 718 2882 were
747 2844 885 2882 rather
918 2857 942 2881 a
970 2844 1097 2882 horde
1125 2844 1171 2882 of
1197 2844 1318 2894 plun-
1375 2846 1575 2892 Vitriaco,
1598 2844 1710 2883 Hist.
1730 2843 1873 2882 Occid.
1895 2856 1985 2894 cap.
2007 2843 2111 2882 VII.
2140 2843 2344 2882 describes

357 2910 492 2948 derers
513 2910 592 2948 and
619 2910 787 2949 robbers
818 2911 917 2949 than
937 2923 961 2949 a
980 2911 1171 2960 religious
1205 2914 1316 2950 sect:
1375 2913 1488 2950 them
1516 2924 1574 2958 as,
1599 2914 1627 2933 ‘⁴
1646 2911 1906 2958 Brabantios,
1937 2911 2047 2950 viros
2081 2911 2341 2961 sanguinum,

356 2990 399 3016 as
419 2978 563 3027 Mapes
585 2990 690 3028 says,
711 2979 807 3028 they
826 2978 906 3016 had
925 2990 978 3016 no
1000 2979 1169 3028 religion
1190 2982 1231 3016 at
1249 2978 1316 3018 all.
1374 2978 1658 3025 incendiarios,
1685 2979 1890 3026 Rutarios,
1921 2982 1962 3017 et
1989 2983 2171 3029 raptores
2189 2981 2232 3024 ;''
2262 2979 2343 3017 and

356 3045 470 3095 They
489 3058 554 3083 are
572 3045 703 3083 better
720 3044 870 3084 known
880 3045 935 3096 by
950 3046 1019 3084 the
1038 3046 1197 3095 general
1216 3050 1319 3083 term
1374 3047 1443 3084 the
1471 3059 1725 3096 anonymous
1750 3046 1847 3085 Vita
1867 3046 1973 3085 Lud.
2001 3046 2105 3085 VII.
2137 3045 2283 3096 speaks
2303 3046 2350 3085 of

360 3112 405 3149 of
421 3113 622 3157 Routiers,
651 3112 730 3150 and
749 3113 843 3163 play
863 3126 887 3150 a
905 3125 1000 3163 very
1020 3113 1147 3150 active
1166 3116 1258 3163 part
1276 3113 1319 3151 in
1374 3114 1558 3151 William
1595 3118 1721 3152 count
1760 3114 1806 3152 of
1841 3112 2000 3153 Chalon
2038 3126 2081 3152 as
2115 3116 2143 3136 ‘⁴
2160 3113 2343 3152 infinitos

360 3178 430 3216 the
447 3179 602 3229 history
621 3180 667 3217 of
681 3180 751 3218 the
768 3180 890 3218 latter
908 3180 998 3218 half
1013 3180 1059 3218 of
1074 3180 1142 3218 the
1162 3180 1319 3218 twelfth
1374 3180 1600 3232 praedones,
1621 3182 1742 3232 vulgo
1771 3181 1902 3220 dictos
1932 3181 2242 3226 Brabantiones,
2275 3180 2345 3230 qui

362 3248 545 3293 century.
604 3245 678 3283 See
706 3246 775 3284 the
804 3247 1002 3287 excellent
1021 3248 1159 3287 article
1179 3260 1232 3286 on
1250 3247 1320 3288 the
1376 3261 1452 3287 nec
1473 3249 1607 3287 Deum
1627 3249 1815 3299 diligunt,
1835 3261 1910 3287 nec
1928 3249 2035 3287 viam
2049 3248 2229 3287 veritatis
2244 3259 2342 3297 cog-

365 3310 553 3351 Routiers
587 3312 632 3349 of
660 3312 728 3350 the
760 3314 916 3352 twelfth
948 3320 1129 3366 century,
1169 3315 1223 3366 by
1256 3316 1320 3354 M.
1377 3329 1544 3356 noscere
1563 3318 1720 3365 volunt,
1743 3315 1987 3367 colligens.”
