2638 3860
383 389 447 435 14
1088 391 1397 430 GUAL‘rnm
1437 389 1638 427 MAPEs
2059 389 2259 441 [Distinc.
2281 390 2318 429 Ι.

375 523 640 576 videntur.
715 520 874 573 Curia
897 526 1076 571 tamen
1100 524 1283 570 nostra
1312 533 1423 584 prae
1461 512 1667 566 caeteris
1710 511 1768 563 in
1811 512 2111 581 periculoso
2137 514 2353 567 turbine

375 608 508 660 vivit
554 608 816 659 fluctuans
868 613 923 657 et
962 622 1109 671 vaga.
1187 600 1321 669 Regi
1359 607 1540 651 tamen
1581 604 1768 649 nostro
1811 599 2119 652 nullatenus
2157 601 2352 652 inferre

376 692 691 744 calumniam
717 690 902 752 aude0,
929 688 1070 757 quod
1095 687 1151 738 in
1191 693 1339 737 tanta
1375 691 1460 735 tot
1496 682 1723 733 millium
1764 689 1820 733 et
1863 682 2195 736 diversorum
2238 703 2357 737 cor-

374 776 519 827 dium
546 774 662 825 aula
687 773 886 824 multus
914 789 1058 822 error
1081 770 1389 837 multusque
1414 766 1680 818 tumultus
1708 773 1808 829 est,
1859 785 1983 818 cum
2021 767 2355 837 singulorum

371 877 469 910 nec
493 858 607 926 ipse
632 875 730 908 nec
755 856 887 907 alius
913 854 1088 924 possit
1111 852 1331 905 nomina
1350 850 1596 914 retinere,
1621 848 1819 901 nedum
1850 851 2009 901 corda
2035 870 2352 920 agnoscere3

372 949 426 994 et
449 960 606 993 nemo
640 942 922 1010 praevaleat
958 940 1025 991 ad
1067 939 1286 1008 plenum
1330 945 1626 1005 temperare
1669 934 1925 986 familiam
1966 937 2119 1005 cujus
2145 937 2355 1006 ignorat

371 1025 715 1093 cogitationes
741 1033 834 1076 aut
857 1025 1108 1092 linguam,
1133 1023 1189 1073 id
1215 1029 1314 1086 est,
1342 1019 1592 1089 quicquid
1618 1037 1800 1070 eorum
1840 1021 2000 1072 corda
2042 1022 2352 1091 loquuntur.

371 1109 638 1160 Dominus
689 1108 879 1159 dividit
939 1125 1101 1176 aquas
1142 1106 1208 1157 ab
1250 1105 1418 1173 aquiS‚
1462 1104 1693 1173 populos
1738 1123 1768 1154 a
1807 1105 2041 1173 populiS‚
2088 1114 2354 1159 scrutator

372 1192 611 1244 cordium
637 1199 692 1243 et
732 1198 985 1260 purgator
1025 1207 1227 1252 eorum,
1272 1196 1327 1240 et
1370 1206 1531 1256 supra
1573 1188 1814 1240 residens
1859 1197 1914 1241 et
1955 1198 2204 1258 potenter
2251 1191 2354 1243 im-

371 1294 562 1344 perans
584 1297 597 1334 3
637 1276 729 1327 sed
753 1274 1082 1343 impossibile
1107 1273 1335 1337 videtur,
1362 1272 1577 1341 quidem
1614 1273 1785 1324 nostri
1811 1275 1910 1327 sub
1937 1277 2087 1345 aquis
2111 1277 2353 1346 gigantes

372 1368 604 1430 gemant.
679 1360 885 1411 Omnes
911 1359 1106 1411 audisti
1132 1360 1302 1410 curias
1327 1357 1623 1425 inquietas3
1661 1365 1856 1426 praeter
1893 1359 2037 1412 illam
2081 1362 2149 1413 ad
2193 1381 2354 1431 quam

372 1446 676 1508 invitamur,
704 1444 870 1495 solam
896 1461 1054 1512 quam
1079 1442 1348 1494 Dominus
1373 1441 1508 1510 regit
1549 1441 1735 1493 civitas
1768 1460 1954 1510 pacem
1979 1445 2158 1511 habet,
2186 1454 2241 1497 et
2264 1447 2355 1498 illa

372 1530 528 1582 nobis
554 1548 773 1581 manens
791 1528 1136 1597 promittitur.
1181 1528 1257 1579 Et
1280 1527 1381 1591 viS,
1405 1526 1683 1577 karissime
1709 1527 1783 1577 mi
1802 1528 2058 1594 Galfride‚
2085 1531 2354 1596 curialem,

372 1633 481 1666 non
509 1614 625 1665 dico
651 1615 898 1665 facetum.
974 1613 1112 1664 Puer
1139 1631 1276 1676 sum,
1302 1619 1357 1664 et
1374 1611 1519 1679 loqui
1535 1611 1732 1662 nescio.
1809 1612 1916 1664 Sed
1936 1614 2054 1667 dico
2074 1615 2130 1666 in
2156 1617 2256 1668 hac
2278 1616 2354 1669 sic

370 1716 492 1751 vere
509 1698 772 1766 descripta
786 1696 930 1748 curia
943 1697 1219 1765 religatum
1237 1704 1292 1749 et
1307 1696 1374 1747 ad
1388 1696 1525 1747 hanc
1541 1696 1831 1765 relegatum
1846 1698 1972 1751 hinc
1987 1700 2355 1771 philosophari

367 1779 542 1851 jubeS,
559 1783 649 1851 qui
665 1802 749 1834 me
764 1783 1049 1834 Tantalum
1064 1783 1225 1850 hujus
1244 1781 1438 1833 inferni
1456 1782 1642 1832 fateor.
1680 1781 1968 1835 Quomodo
1988 1803 2211 1852 possum
2228 1805 2353 1855 pro-

373 1868 556 1935 pinare
582 1867 672 1935 qui
690 1867 847 1918 sitio?
902 1866 1111 1918 Quietae
1130 1867 1327 1918 mentis
1348 1874 1430 1918 est
1447 1874 1501 1917 et
1520 1867 1587 1917 ad
1605 1884 1774 1916 unum
1791 1867 1950 1920 simul
1971 1870 2206 1923 collectae
2225 1890 2355 1940 poe-

374 1951 491 2003 tari.
563 1953 755 2003 Totam
780 1951 970 2003 volunt
995 1958 1048 2002 et
1072 1959 1245 2002 tutam
1271 1970 1392 2003 cum
1428 1950 1739 2002 assiduitate
1771 1952 2115 2007 residentiam
2147 1965 2354 2025 poetae3

374 2043 430 2087 et
460 2053 570 2086 non
594 2035 815 2104 prodest
853 2035 1089 2104 optimus
1130 2036 1366 2104 corporis
1411 2044 1465 2087 et
1503 2053 1680 2087 rerum
1726 2042 1915 2101 status,
1955 2038 2000 2089 si.
2041 2058 2153 2091 non
2195 2041 2355 2094 fuerit

371 2120 582 2171 interna
623 2138 752 2187 pace
795 2120 1111 2188 tranquillus
1151 2121 1360 2172 animus
1383 2139 1395 2171 ε
1439 2121 1583 2172 unde
1622 2138 1732 2171 non
1772 2121 1950 2173 minus
1990 2141 2021 2174 a
2063 2142 2150 2176 me
2174 2126 2354 2194 poscis

372 2205 685 2256 miraculum
724 2205 867 2268 hinc,
906 2204 1106 2257 scilicet
1142 2205 1417 2257 hominem
1441 2205 1664 2257 idiotam
1689 2212 1745 2256 et
1768 2204 2077 2275 imperitum
2105 2210 2353 2276 scribere,

373 2307 532 2357 quam
558 2287 603 2339 si
641 2288 706 2340 ab
751 2289 965 2341 alterius
992 2289 1459 2359 Nabogodonosor
1482 2291 1696 2342 fornace
1721 2308 1891 2343 novos
1916 2310 2113 2361 pueros
2140 2303 2354 2349 cantare

367 2372 578 2442 jubeas·

1080 2474 1162 2524 De
1187 2472 1361 2524 Herla
1385 2490 1521 2541 φερε.
1595 2473 1667 2524 xi.

443 2567 623 2619 Unam
647 2574 826 2619 tamen
852 2571 906 2617 et
932 2565 1099 2616 solam
1123 2564 1248 2616 huic
1274 2572 1471 2616 nostrae
1498 2563 1656 2616 curiae
1695 2564 1923 2616 similem
1958 2566 2124 2619 fuisse
2160 2569 2354 2623 fabulae

373 2652 650 2716 dederunt,
693 2669 810 2719 quae
843 2650 1030 2701 dicunt
1055 2649 1314 2700 Herlam³¹<
1340 2666 1519 2717 regern
1545 2648 2040 2716 antiquissimorum
2066 2651 2354 2706 Britonum

429 2793 457 2823 ³⁸²
486 2790 585 2830 This
622 2791 790 2842 chapter
830 2791 866 2829 is
905 2803 929 2828 a
954 2802 1051 2840 very
1085 2789 1246 2828 curious
1278 2789 1329 2827 il·
1386 2788 1556 2828 France.
1616 2788 1690 2828 See
1710 2789 1780 2828 the
1807 2794 1906 2830 note
1924 2794 1969 2830 to
2001 2792 2071 2832 the
2100 2793 2354 2836 Alliterative

372 2859 591 2899 lustration
623 2858 669 2897 of
711 2871 734 2896 a
778 2858 881 2896 class
922 2856 968 2894 of
1002 2856 1167 2906 legends
1200 2856 1331 2894 which
1387 2856 1512 2895 Poem
1532 2868 1586 2894 on
1604 2856 1675 2895 the
1696 2857 1943 2907 Deposition
1962 2859 2009 2897 of
2024 2859 2206 2900 Richard
2225 2862 2287 2901 ΙΙ.
2306 2876 2351 2914 p.

373 2938 439 2964 are
472 2937 662 2964 common
695 2936 844 2973 among
872 2923 925 2960 all
958 2922 1027 2961 the
1057 2922 1256 2960 branches
1290 2921 1337 2961 of
1387 2924 1454 2961 54.
1511 2923 1598 2961 The
1615 2924 1760 2973 legend
1778 2937 1859 2964 was
1872 2926 2035 2965 ancient
2048 2927 2091 2966 in
2105 2941 2179 2967 our
2192 2930 2350 2970 island:

372 2993 441 3031 the
485 2992 684 3031 Teutonic
729 3003 833 3030 race.
887 2990 974 3028 The
1017 3002 1136 3028 name
1188 2989 1328 3036 Herla,
1387 3002 1454 3028 see
1467 3002 1518 3028 an
1530 2990 1714 3030 instance
1726 2991 1769 3030 in
1789 2993 1857 3031 the
1878 2993 2013 3032 Saxon
2026 2994 2259 3046 Chronicle,
2277 2999 2352 3037 sub

373 3060 504 3098 which
523 3059 544 3097 I
564 3059 615 3097 do
636 3062 708 3097 not
726 3058 810 3096 find
829 3057 873 3095 in
893 3069 972 3107 any
991 3056 1036 3095 of
1067 3056 1137 3094 the
1168 3057 1259 3094 lists
1289 3056 1336 3094 of
1384 3069 1450 3095 an.
1471 3057 1591 3098 1127.
1621 3059 1696 3097 See
1709 3071 1763 3097 on
1774 3060 1844 3099 the
1853 3060 2010 3101 French
2020 3062 2257 3114 Hellequin‚
2271 3066 2352 3104 and

375 3125 528 3175 mythic
567 3125 721 3163 British
756 3124 890 3174 kings,
928 3124 963 3162 is
997 3124 1203 3174 evidently
1231 3136 1329 3162 con·
1385 3136 1438 3163 on
1457 3125 1528 3164 the
1548 3126 1737 3165 different
1770 3127 1937 3178 legends
1966 3132 2217 3181 concerning
2248 3133 2350 3181 him,

374 3190 520 3229 nected
537 3190 632 3228 with
649 3191 719 3229 the
738 3190 895 3229 French
914 3190 1105 3238 Herluin‚
1127 3203 1173 3229 or
1189 3191 1328 3230 Helle·
1385 3191 1448 3232 M.
1488 3193 1632 3232 Paulin
1664 3194 1815 3234 Paris’s
1850 3195 2072 3247 catalogue
2108 3197 2179 3236 des
2222 3198 2351 3240 MSS.

376 3257 489 3307 quin,
520 3257 599 3294 and
630 3257 800 3307 perhaps
832 3258 916 3296 also
943 3258 1039 3296 with
1062 3258 1132 3297 the
1152 3258 1329 3297 German
1383 3258 1589 3310 Francais,
1623 3262 1701 3300 vol.
1730 3262 1760 3300 i.
1798 3275 1841 3313 p.
1875 3265 1982 3310 322;
2024 3264 2095 3303 the
2125 3264 2247 3305 Livre
2281 3267 2352 3308 des

375 3323 515 3362 Holla.
571 3323 657 3362 The
674 3327 793 3374 troop
812 3336 858 3361 or
874 3325 1022 3363 mainie
1051 3323 1098 3362 of
1121 3325 1327 3365 Herlewin
1383 3325 1594 3378 Legendes
1614 3329 1661 3367 of
1685 3329 1749 3368 M.
1771 3329 1831 3368 Le
1861 3330 1983 3369 Roux
2013 3331 2062 3370 de
2095 3332 2241 3384 Lincy,
2277 3347 2351 3386 pp.

370 3403 455 3431 was
490 3391 638 3431 known
673 3392 717 3431 in
753 3391 957 3442 England,
995 3403 1039 3431 as
1078 3392 1168 3432 well
1203 3404 1247 3432 as
1282 3393 1327 3432 in
1385 3396 1461 3433 148
1481 3395 1560 3435 and
1589 3398 1695 3444 2403
1725 3396 1795 3436 the
1829 3396 2066 3450 Chronique
2099 3400 2149 3440 de
2188 3401 2354 3453 Benoit,
