<?xml version="1.0" encoding="UTF-8"?>
<!DOCTYPE html PUBLIC "-//W3C//DTD XHTML 1.0 Transitional//EN"
    "http://www.w3.org/TR/xhtml1/DTD/xhtml1-transitional.dtd">
<html xmlns="http://www.w3.org/1999/xhtml" xml:lang="en" lang="en">
 <head>
  <title>
</title>
<meta http-equiv="Content-Type" content="text/html;charset=utf-8" />
  <meta name='ocr-system' content='tesseract 3.04.00' />
  <meta name='ocr-capabilities' content='ocr_page ocr_carea ocr_par ocr_line ocrx_word'/>
</head>
<body>
  <div class='ocr_page' id='page_1' title='image "./gualterimapes00camduoft/gualterimapes00camduoft_0141.png"; bbox 0 0 2638 3860; ppageno 0'>
   <div class='ocr_carea' id='block_1_1' title="bbox 316 405 2293 463">
    <p class='ocr_par' dir='ltr' id='par_1_1' title="bbox 316 405 2293 463">
     <span class='ocr_line' id='line_1_1' title="bbox 316 405 2293 463; baseline -0.001 -11"><span class='ocrx_word' id='word_1_1' title='bbox 316 413 418 462; x_wconf 84' lang='lat' dir='ltr'>Cap.</span> <span class='ocrx_word' id='word_1_2' title='bbox 442 412 509 463; x_wconf 51' lang='lat' dir='ltr'>it]</span> <span class='ocrx_word' id='word_1_3' title='bbox 979 415 1055 449; x_wconf 81' lang='lat' dir='ltr'>DE</span> <span class='ocrx_word' id='word_1_4' title='bbox 1088 414 1272 449; x_wconf 69' lang='lat' dir='ltr'>Nouis</span> <span class='ocrx_word' id='word_1_5' title='bbox 1303 414 1679 449; x_wconf 77' lang='lat' dir='ltr'>CURIALmM.</span> <span class='ocrx_word' id='word_1_6' title='bbox 2200 405 2293 450; x_wconf 86' lang='lat'>121</span> 
     </span>
    </p>
   </div>
   <div class='ocr_carea' id='block_1_2' title="bbox 246 553 2297 3454">
    <p class='ocr_par' dir='ltr' id='par_1_2' title="bbox 276 553 2297 883">
     <span class='ocr_line' id='line_1_2' title="bbox 279 553 2297 625; baseline 0.002 -20"><span class='ocrx_word' id='word_1_7' title='bbox 279 572 379 606; x_wconf 90' lang='lat' dir='ltr'>nec</span> <span class='ocrx_word' id='word_1_8' title='bbox 425 555 627 606; x_wconf 89' lang='lat' dir='ltr'>celatur</span> <span class='ocrx_word' id='word_1_9' title='bbox 665 553 861 624; x_wconf 90' lang='lat' dir='ltr'>quibus</span> <span class='ocrx_word' id='word_1_10' title='bbox 908 561 992 606; x_wconf 89' lang='lat' dir='ltr'>est</span> <span class='ocrx_word' id='word_1_11' title='bbox 1036 562 1130 607; x_wconf 88' lang='lat' dir='ltr'>aut</span> <span class='ocrx_word' id='word_1_12' title='bbox 1171 554 1248 607; x_wconf 90' lang='lat' dir='ltr'>ira</span> <span class='ocrx_word' id='word_1_13' title='bbox 1286 556 1608 625; x_wconf 84' lang='lat' dir='ltr'>propensior</span> <span class='ocrx_word' id='word_1_14' title='bbox 1651 563 1745 608; x_wconf 90' lang='lat' dir='ltr'>aut</span> <span class='ocrx_word' id='word_1_15' title='bbox 1785 555 2056 625; x_wconf 85' lang='lat' dir='ltr'>profusior</span> <span class='ocrx_word' id='word_1_16' title='bbox 2093 556 2297 610; x_wconf 83' lang='lat' dir='ltr'>laetitia.</span> 
     </span>
     <span class='ocr_line' id='line_1_3' title="bbox 282 640 2297 713; baseline 0.001 -21"><span class='ocrx_word' id='word_1_17' title='bbox 282 642 402 693; x_wconf 85' lang='lat' dir='ltr'>Rex</span> <span class='ocrx_word' id='word_1_18' title='bbox 443 648 498 692; x_wconf 94' lang='lat' dir='ltr'>et</span> <span class='ocrx_word' id='word_1_19' title='bbox 545 640 627 692; x_wconf 91' lang='lat' dir='ltr'>sui</span> <span class='ocrx_word' id='word_1_20' title='bbox 665 641 973 693; x_wconf 88' lang='lat' dir='ltr'>desiderant</span> <span class='ocrx_word' id='word_1_21' title='bbox 1009 649 1081 705; x_wconf 90' lang='lat' dir='ltr'>et,</span> <span class='ocrx_word' id='word_1_22' title='bbox 1127 649 1390 711; x_wconf 89' lang='lat' dir='ltr'>quantum</span> <span class='ocrx_word' id='word_1_23' title='bbox 1436 641 1565 694; x_wconf 90' lang='lat' dir='ltr'>sinit</span> <span class='ocrx_word' id='word_1_24' title='bbox 1610 643 1750 695; x_wconf 82' lang='lat' dir='ltr'>datae</span> <span class='ocrx_word' id='word_1_25' title='bbox 1792 642 2092 695; x_wconf 87' lang='lat' dir='ltr'>reverentia</span> <span class='ocrx_word' id='word_1_26' title='bbox 2131 643 2297 713; x_wconf 81' lang='lat' dir='ltr'>paciS,</span> 
     </span>
     <span class='ocr_line' id='line_1_4' title="bbox 277 727 2296 798; baseline 0.001 -20"><span class='ocrx_word' id='word_1_27' title='bbox 277 727 576 796; x_wconf 88' lang='lat' dir='ltr'>loquuntur</span> <span class='ocrx_word' id='word_1_28' title='bbox 601 727 824 779; x_wconf 91' lang='lat' dir='ltr'>nutibus</span> <span class='ocrx_word' id='word_1_29' title='bbox 850 735 914 779; x_wconf 93' lang='lat' dir='ltr'>ut</span> <span class='ocrx_word' id='word_1_30' title='bbox 938 727 994 779; x_wconf 93' lang='lat' dir='ltr'>in</span> <span class='ocrx_word' id='word_1_31' title='bbox 1016 728 1289 797; x_wconf 88' lang='lat' dir='ltr'>jacentem</span> <span class='ocrx_word' id='word_1_32' title='bbox 1317 728 1511 780; x_wconf 88' lang='lat' dir='ltr'>Sadius</span> <span class='ocrx_word' id='word_1_33' title='bbox 1538 728 1722 781; x_wconf 88' lang='lat' dir='ltr'>irruat.</span> <span class='ocrx_word' id='word_1_34' title='bbox 1776 728 1916 781; x_wconf 86' lang='lat' dir='ltr'>Galo</span> <span class='ocrx_word' id='word_1_35' title='bbox 1943 736 2124 781; x_wconf 89' lang='lat' dir='ltr'>tamen</span> <span class='ocrx_word' id='word_1_36' title='bbox 2145 729 2296 798; x_wconf 86' lang='lat' dir='ltr'>justa</span> 
     </span>
     <span class='ocr_line' id='line_1_5' title="bbox 276 813 1868 883; baseline 0.002 -19"><span class='ocrx_word' id='word_1_37' title='bbox 276 813 468 865; x_wconf 83' lang='lat' dir='ltr'>facetia</span> <span class='ocrx_word' id='word_1_38' title='bbox 494 814 765 883; x_wconf 87' lang='lat' dir='ltr'>dejectum</span> <span class='ocrx_word' id='word_1_39' title='bbox 794 831 1008 882; x_wconf 85' lang='lat' dir='ltr'>surgere</span> <span class='ocrx_word' id='word_1_40' title='bbox 1035 814 1281 883; x_wconf 80' lang='lat' dir='ltr'>praecipit</span> <span class='ocrx_word' id='word_1_41' title='bbox 1308 821 1363 866; x_wconf 90' lang='lat' dir='ltr'>et</span> <span class='ocrx_word' id='word_1_42' title='bbox 1388 815 1455 866; x_wconf 91' lang='lat' dir='ltr'>ad</span> <span class='ocrx_word' id='word_1_43' title='bbox 1482 833 1629 866; x_wconf 88' lang='lat' dir='ltr'>arma</span> <span class='ocrx_word' id='word_1_44' title='bbox 1654 815 1868 867; x_wconf 86' lang='lat' dir='ltr'>reverti.</span> 
     </span>
    </p>

    <p class='ocr_par' dir='ltr' id='par_1_3' title="bbox 246 897 2291 3454">
     <span class='ocr_line' id='line_1_6' title="bbox 353 897 2290 968; baseline 0.001 -19"><span class='ocrx_word' id='word_1_45' title='bbox 353 897 520 967; x_wconf 86' lang='lat' dir='ltr'>Gigas</span> <span class='ocrx_word' id='word_1_46' title='bbox 537 898 699 965; x_wconf 87' lang='lat' dir='ltr'>igitur</span> <span class='ocrx_word' id='word_1_47' title='bbox 719 898 960 967; x_wconf 85' lang='lat' dir='ltr'>exsurgit</span> <span class='ocrx_word' id='word_1_48' title='bbox 979 898 1225 968; x_wconf 87' lang='lat' dir='ltr'>impiger,</span> <span class='ocrx_word' id='word_1_49' title='bbox 1247 907 1302 951; x_wconf 92' lang='lat' dir='ltr'>et</span> <span class='ocrx_word' id='word_1_50' title='bbox 1321 899 1450 952; x_wconf 89' lang='lat' dir='ltr'>visis</span> <span class='ocrx_word' id='word_1_51' title='bbox 1469 899 1678 952; x_wconf 88' lang='lat' dir='ltr'>dilectae</span> <span class='ocrx_word' id='word_1_52' title='bbox 1700 917 1812 951; x_wconf 83' lang='lat' dir='ltr'>suoe</span> <span class='ocrx_word' id='word_1_53' title='bbox 1837 898 2072 952; x_wconf 85' lang='lat' dir='ltr'>lacrimis</span> <span class='ocrx_word' id='word_1_54' title='bbox 2098 899 2290 951; x_wconf 91' lang='lat' dir='ltr'>imme-</span> 
     </span>
     <span class='ocr_line' id='line_1_7' title="bbox 277 984 2291 1056; baseline 0.001 -21"><span class='ocrx_word' id='word_1_55' title='bbox 277 1002 397 1036; x_wconf 89' lang='lat' dir='ltr'>mor</span> <span class='ocrx_word' id='word_1_56' title='bbox 421 984 645 1036; x_wconf 81' lang='lat' dir='ltr'>indultae</span> <span class='ocrx_word' id='word_1_57' title='bbox 672 984 920 1054; x_wconf 88' lang='lat' dir='ltr'>proximo</span> <span class='ocrx_word' id='word_1_58' title='bbox 946 984 1137 1048; x_wconf 82' lang='lat' dir='ltr'>veniae,</span> <span class='ocrx_word' id='word_1_59' title='bbox 1159 984 1274 1054; x_wconf 88' lang='lat' dir='ltr'>jam</span> <span class='ocrx_word' id='word_1_60' title='bbox 1305 1004 1416 1037; x_wconf 90' lang='lat' dir='ltr'>non</span> <span class='ocrx_word' id='word_1_61' title='bbox 1444 985 1573 1056; x_wconf 90' lang='lat' dir='ltr'>quid</span> <span class='ocrx_word' id='word_1_62' title='bbox 1594 987 1819 1039; x_wconf 89' lang='lat' dir='ltr'>comitas</span> <span class='ocrx_word' id='word_1_63' title='bbox 1848 986 2112 1055; x_wconf 84' lang='lat' dir='ltr'>aut-justa</span> <span class='ocrx_word' id='word_1_64' title='bbox 2137 986 2291 1039; x_wconf 91' lang='lat' dir='ltr'>retri-</span> 
     </span>
     <span class='ocr_line' id='line_1_8' title="bbox 276 1068 2290 1142; baseline 0.001 -20"><span class='ocrx_word' id='word_1_65' title='bbox 276 1068 431 1123; x_wconf 82' lang='lat' dir='ltr'>butio</span> <span class='ocrx_word' id='word_1_66' title='bbox 459 1071 626 1122; x_wconf 83' lang='lat' dir='ltr'>dictet</span> <span class='ocrx_word' id='word_1_67' title='bbox 652 1071 902 1135; x_wconf 88' lang='lat' dir='ltr'>attendit,</span> <span class='ocrx_word' id='word_1_68' title='bbox 929 1071 1026 1123; x_wconf 92' lang='lat' dir='ltr'>sed</span> <span class='ocrx_word' id='word_1_69' title='bbox 1064 1078 1182 1123; x_wconf 93' lang='lat' dir='ltr'>toto</span> <span class='ocrx_word' id='word_1_70' title='bbox 1221 1072 1429 1124; x_wconf 86' lang='lat' dir='ltr'>fervore</span> <span class='ocrx_word' id='word_1_71' title='bbox 1468 1072 1646 1124; x_wconf 91' lang='lat' dir='ltr'>cordis</span> <span class='ocrx_word' id='word_1_72' title='bbox 1685 1091 1925 1142; x_wconf 85' lang='lat' dir='ltr'>praeceps</span> <span class='ocrx_word' id='word_1_73' title='bbox 1956 1073 2195 1125; x_wconf 87' lang='lat' dir='ltr'>defertur</span> <span class='ocrx_word' id='word_1_74' title='bbox 2231 1073 2290 1124; x_wconf 91' lang='lat' dir='ltr'>in</span> 
     </span>
     <span class='ocr_line' id='line_1_9' title="bbox 275 1154 2291 1224; baseline 0.002 -19"><span class='ocrx_word' id='word_1_75' title='bbox 275 1154 511 1219; x_wconf 88' lang='lat' dir='ltr'>hostem,</span> <span class='ocrx_word' id='word_1_76' title='bbox 548 1155 866 1224; x_wconf 89' lang='lat' dir='ltr'>fortiterque</span> <span class='ocrx_word' id='word_1_77' title='bbox 901 1155 1243 1208; x_wconf 88' lang='lat' dir='ltr'>resistentem</span> <span class='ocrx_word' id='word_1_78' title='bbox 1286 1156 1588 1208; x_wconf 91' lang='lat' dir='ltr'>durissimis</span> <span class='ocrx_word' id='word_1_79' title='bbox 1633 1157 1854 1209; x_wconf 89' lang='lat' dir='ltr'>infestat</span> <span class='ocrx_word' id='word_1_80' title='bbox 1896 1157 2208 1223; x_wconf 79' lang='lat' dir='ltr'>assultibUS,</span> <span class='ocrx_word' id='word_1_81' title='bbox 2235 1165 2291 1210; x_wconf 91' lang='lat' dir='ltr'>et</span> 
     </span>
     <span class='ocr_line' id='line_1_10' title="bbox 271 1239 2286 1310; baseline 0.002 -19"><span class='ocrx_word' id='word_1_82' title='bbox 271 1239 410 1293; x_wconf 91' lang='lat' dir='ltr'>bene</span> <span class='ocrx_word' id='word_1_83' title='bbox 436 1248 769 1310; x_wconf 86' lang='lat' dir='ltr'>pugnantem</span> <span class='ocrx_word' id='word_1_84' title='bbox 806 1240 945 1293; x_wconf 89' lang='lat' dir='ltr'>bene</span> <span class='ocrx_word' id='word_1_85' title='bbox 979 1259 1228 1310; x_wconf 90' lang='lat' dir='ltr'>pugnans</span> <span class='ocrx_word' id='word_1_86' title='bbox 1267 1242 1431 1294; x_wconf 92' lang='lat' dir='ltr'>efficit</span> <span class='ocrx_word' id='word_1_87' title='bbox 1466 1242 1658 1295; x_wconf 77' lang='lat' dir='ltr'>hostis·</span> <span class='ocrx_word' id='word_1_88' title='bbox 1734 1244 1961 1296; x_wconf 86' lang='lat' dir='ltr'>Elevata</span> <span class='ocrx_word' id='word_1_89' title='bbox 1986 1245 2203 1297; x_wconf 90' lang='lat' dir='ltr'>tandem</span> <span class='ocrx_word' id='word_1_90' title='bbox 2230 1245 2286 1296; x_wconf 92' lang='lat' dir='ltr'>in</span> 
     </span>
     <span class='ocr_line' id='line_1_11' title="bbox 273 1325 2286 1394; baseline 0.003 -17"><span class='ocrx_word' id='word_1_91' title='bbox 273 1326 445 1378; x_wconf 88' lang='lat' dir='ltr'>altum</span> <span class='ocrx_word' id='word_1_92' title='bbox 475 1345 641 1378; x_wconf 88' lang='lat' dir='ltr'>manu</span> <span class='ocrx_word' id='word_1_93' title='bbox 677 1325 792 1378; x_wconf 92' lang='lat' dir='ltr'>ictu</span> <span class='ocrx_word' id='word_1_94' title='bbox 827 1345 1205 1380; x_wconf 90' lang='lat' dir='ltr'>consummare</span> <span class='ocrx_word' id='word_1_95' title='bbox 1244 1335 1422 1380; x_wconf 86' lang='lat' dir='ltr'>tentat</span> <span class='ocrx_word' id='word_1_96' title='bbox 1458 1328 1620 1380; x_wconf 89' lang='lat' dir='ltr'>unico</span> <span class='ocrx_word' id='word_1_97' title='bbox 1660 1328 1918 1394; x_wconf 89' lang='lat' dir='ltr'>duellum,</span> <span class='ocrx_word' id='word_1_98' title='bbox 1963 1339 2018 1382; x_wconf 93' lang='lat' dir='ltr'>et</span> <span class='ocrx_word' id='word_1_99' title='bbox 2058 1331 2188 1382; x_wconf 90' lang='lat' dir='ltr'>dum</span> <span class='ocrx_word' id='word_1_100' title='bbox 2228 1330 2286 1383; x_wconf 91' lang='lat' dir='ltr'>in</span> 
     </span>
     <span class='ocr_line' id='line_1_12' title="bbox 273 1412 2287 1486; baseline 0.002 -23"><span class='ocrx_word' id='word_1_101' title='bbox 273 1413 480 1481; x_wconf 88' lang='lat' dir='ltr'>galeam</span> <span class='ocrx_word' id='word_1_102' title='bbox 508 1412 788 1464; x_wconf 90' lang='lat' dir='ltr'>descendit</span> <span class='ocrx_word' id='word_1_103' title='bbox 813 1413 1025 1464; x_wconf 89' lang='lat' dir='ltr'>fortiter</span> <span class='ocrx_word' id='word_1_104' title='bbox 1051 1413 1196 1465; x_wconf 92' lang='lat' dir='ltr'>ensis</span> <span class='ocrx_word' id='word_1_105' title='bbox 1223 1414 1280 1465; x_wconf 90' lang='lat' dir='ltr'>in</span> <span class='ocrx_word' id='word_1_106' title='bbox 1301 1415 1493 1484; x_wconf 91' lang='lat' dir='ltr'>capulo</span> <span class='ocrx_word' id='word_1_107' title='bbox 1520 1415 1720 1467; x_wconf 86' lang='lat' dir='ltr'>fractus</span> <span class='ocrx_word' id='word_1_108' title='bbox 1742 1423 1842 1468; x_wconf 91' lang='lat' dir='ltr'>est.</span> <span class='ocrx_word' id='word_1_109' title='bbox 1916 1415 2099 1468; x_wconf 81' lang='lat' dir='ltr'>Timet</span> <span class='ocrx_word' id='word_1_110' title='bbox 2122 1416 2287 1486; x_wconf 85' lang='lat' dir='ltr'>igitur</span> 
     </span>
     <span class='ocr_line' id='line_1_13' title="bbox 271 1498 2283 1566; baseline 0.002 -18"><span class='ocrx_word' id='word_1_111' title='bbox 271 1498 419 1566; x_wconf 85' lang='lat' dir='ltr'>gigas</span> <span class='ocrx_word' id='word_1_112' title='bbox 465 1498 585 1562; x_wconf 90' lang='lat' dir='ltr'>sibi,</span> <span class='ocrx_word' id='word_1_113' title='bbox 617 1506 672 1550; x_wconf 90' lang='lat' dir='ltr'>et</span> <span class='ocrx_word' id='word_1_114' title='bbox 717 1517 774 1550; x_wconf 92' lang='lat' dir='ltr'>se</span> <span class='ocrx_word' id='word_1_115' title='bbox 818 1499 930 1551; x_wconf 86' lang='lat' dir='ltr'>fere</span> <span class='ocrx_word' id='word_1_116' title='bbox 971 1498 1178 1551; x_wconf 86' lang='lat' dir='ltr'>victum</span> <span class='ocrx_word' id='word_1_117' title='bbox 1225 1500 1386 1552; x_wconf 91' lang='lat' dir='ltr'>corde</span> <span class='ocrx_word' id='word_1_118' title='bbox 1420 1500 1654 1564; x_wconf 86' lang='lat' dir='ltr'>fatetur3</span> <span class='ocrx_word' id='word_1_119' title='bbox 1697 1499 1793 1552; x_wconf 93' lang='lat' dir='ltr'>sed</span> <span class='ocrx_word' id='word_1_120' title='bbox 1828 1518 1977 1552; x_wconf 91' lang='lat' dir='ltr'>more</span> <span class='ocrx_word' id='word_1_121' title='bbox 2015 1519 2113 1552; x_wconf 93' lang='lat' dir='ltr'>suo</span> <span class='ocrx_word' id='word_1_122' title='bbox 2144 1501 2283 1553; x_wconf 87' lang='lat' dir='ltr'>Galo</span> 
     </span>
     <span class='ocr_line' id='line_1_14' title="bbox 273 1583 2284 1655; baseline 0.002 -22"><span class='ocrx_word' id='word_1_123' title='bbox 273 1583 459 1647; x_wconf 82' lang='lat' dir='ltr'>resilit,</span> <span class='ocrx_word' id='word_1_124' title='bbox 485 1591 548 1634; x_wconf 91' lang='lat' dir='ltr'>ut</span> <span class='ocrx_word' id='word_1_125' title='bbox 571 1601 669 1653; x_wconf 91' lang='lat' dir='ltr'>per</span> <span class='ocrx_word' id='word_1_126' title='bbox 695 1583 879 1635; x_wconf 89' lang='lat' dir='ltr'>omnia</span> <span class='ocrx_word' id='word_1_127' title='bbox 903 1583 1081 1635; x_wconf 91' lang='lat' dir='ltr'>bonus</span> <span class='ocrx_word' id='word_1_128' title='bbox 1108 1591 1381 1653; x_wconf 83' lang='lat' dir='ltr'>appareat,</span> <span class='ocrx_word' id='word_1_129' title='bbox 1407 1583 1651 1636; x_wconf 85' lang='lat' dir='ltr'>inducias</span> <span class='ocrx_word' id='word_1_130' title='bbox 1678 1584 1881 1653; x_wconf 89' lang='lat' dir='ltr'>giganti</span> <span class='ocrx_word' id='word_1_131' title='bbox 1905 1584 2284 1655; x_wconf 84' lang='lat' dir='ltr'>licentiamque</span> 
     </span>
     <span class='ocr_line' id='line_1_15' title="bbox 272 1669 2284 1739; baseline 0.001 -18"><span class='ocrx_word' id='word_1_132' title='bbox 272 1670 573 1722; x_wconf 89' lang='lat' dir='ltr'>concedens</span> <span class='ocrx_word' id='word_1_133' title='bbox 601 1670 763 1721; x_wconf 90' lang='lat' dir='ltr'>alium</span> <span class='ocrx_word' id='word_1_134' title='bbox 791 1670 1068 1739; x_wconf 78' lang='lat' dir='ltr'>quaerendi</span> <span class='ocrx_word' id='word_1_135' title='bbox 1092 1669 1349 1739; x_wconf 86' lang='lat' dir='ltr'>gladium,</span> <span class='ocrx_word' id='word_1_136' title='bbox 1371 1670 1572 1734; x_wconf 82' lang='lat' dir='ltr'>dicenS,</span> <span class='ocrx_word' id='word_1_137' title='bbox 1590 1674 1627 1699; x_wconf 85' lang='lat'><em>“</em></span> <span class='ocrx_word' id='word_1_138' title='bbox 1645 1670 1951 1724; x_wconf 71' lang='lat' dir='ltr'>Quaerenda</span> <span class='ocrx_word' id='word_1_139' title='bbox 1977 1678 2060 1722; x_wconf 87' lang='lat' dir='ltr'>est</span> <span class='ocrx_word' id='word_1_140' title='bbox 2085 1670 2284 1723; x_wconf 87' lang='lat' dir='ltr'>virtute</span> 
     </span>
     <span class='ocr_line' id='line_1_16' title="bbox 269 1754 2282 1824; baseline 0 -19"><span class='ocrx_word' id='word_1_141' title='bbox 269 1754 438 1824; x_wconf 88' lang='lat' dir='ltr'>gloria</span> <span class='ocrx_word' id='word_1_142' title='bbox 477 1772 589 1806; x_wconf 92' lang='lat' dir='ltr'>non</span> <span class='ocrx_word' id='word_1_143' title='bbox 630 1755 812 1807; x_wconf 79' lang='lat' dir='ltr'>casu,”</span> <span class='ocrx_word' id='word_1_144' title='bbox 888 1755 1074 1807; x_wconf 82' lang='lat' dir='ltr'>Laetus</span> <span class='ocrx_word' id='word_1_145' title='bbox 1119 1754 1207 1807; x_wconf 89' lang='lat' dir='ltr'>ille</span> <span class='ocrx_word' id='word_1_146' title='bbox 1244 1755 1452 1824; x_wconf 93' lang='lat' dir='ltr'>suique,</span> <span class='ocrx_word' id='word_1_147' title='bbox 1478 1754 1626 1808; x_wconf 85' lang='lat' dir='ltr'>Sadii</span> <span class='ocrx_word' id='word_1_148' title='bbox 1662 1755 1848 1806; x_wconf 91' lang='lat' dir='ltr'>dolent</span> <span class='ocrx_word' id='word_1_149' title='bbox 1885 1773 2074 1806; x_wconf 91' lang='lat' dir='ltr'>omnes</span> <span class='ocrx_word' id='word_1_150' title='bbox 2107 1755 2282 1820; x_wconf 92' lang='lat' dir='ltr'>amici,</span> 
     </span>
     <span class='ocr_line' id='line_1_17' title="bbox 265 1841 2279 1911; baseline 0.001 -20"><span class='ocrx_word' id='word_1_151' title='bbox 265 1849 680 1911; x_wconf 89' lang='lat' dir='ltr'>promptamque</span> <span class='ocrx_word' id='word_1_152' title='bbox 705 1841 985 1894; x_wconf 87' lang='lat' dir='ltr'>victoriam</span> <span class='ocrx_word' id='word_1_153' title='bbox 1013 1849 1312 1910; x_wconf 82' lang='lat' dir='ltr'>queruntur</span> <span class='ocrx_word' id='word_1_154' title='bbox 1341 1841 1399 1893; x_wconf 92' lang='lat' dir='ltr'>in</span> <span class='ocrx_word' id='word_1_155' title='bbox 1434 1841 1734 1910; x_wconf 89' lang='lat' dir='ltr'>periculum</span> <span class='ocrx_word' id='word_1_156' title='bbox 1776 1841 1919 1893; x_wconf 89' lang='lat' dir='ltr'>ultro</span> <span class='ocrx_word' id='word_1_157' title='bbox 1946 1859 2279 1894; x_wconf 86' lang='lat' dir='ltr'>conversam.</span> 
     </span>
     <span class='ocr_line' id='line_1_18' title="bbox 270 1927 2280 1997; baseline 0 -19"><span class='ocrx_word' id='word_1_158' title='bbox 270 1927 393 1978; x_wconf 92' lang='lat' dir='ltr'>Hoc</span> <span class='ocrx_word' id='word_1_159' title='bbox 437 1935 617 1979; x_wconf 90' lang='lat' dir='ltr'>autem</span> <span class='ocrx_word' id='word_1_160' title='bbox 665 1927 797 1979; x_wconf 91' lang='lat' dir='ltr'>mihi</span> <span class='ocrx_word' id='word_1_161' title='bbox 837 1927 1052 1979; x_wconf 88' lang='lat' dir='ltr'>videtur</span> <span class='ocrx_word' id='word_1_162' title='bbox 1089 1927 1284 1996; x_wconf 84' lang='lat' dir='ltr'>injuria</span> <span class='ocrx_word' id='word_1_163' title='bbox 1326 1945 1586 1997; x_wconf 79' lang='lat' dir='ltr'>praecepS,</span> <span class='ocrx_word' id='word_1_164' title='bbox 1625 1928 1771 1997; x_wconf 93' lang='lat' dir='ltr'>quod</span> <span class='ocrx_word' id='word_1_165' title='bbox 1807 1927 1926 1996; x_wconf 89' lang='lat' dir='ltr'>quis</span> <span class='ocrx_word' id='word_1_166' title='bbox 1961 1927 2017 1978; x_wconf 91' lang='lat' dir='ltr'>id</span> <span class='ocrx_word' id='word_1_167' title='bbox 2049 1927 2280 1980; x_wconf 90' lang='lat' dir='ltr'>scienter</span> 
     </span>
     <span class='ocr_line' id='line_1_19' title="bbox 264 2013 2278 2083; baseline 0.001 -19"><span class='ocrx_word' id='word_1_168' title='bbox 264 2022 402 2082; x_wconf 90' lang='lat' dir='ltr'>agat,</span> <span class='ocrx_word' id='word_1_169' title='bbox 428 2014 573 2066; x_wconf 92' lang='lat' dir='ltr'>unde</span> <span class='ocrx_word' id='word_1_170' title='bbox 599 2014 852 2066; x_wconf 85' lang='lat' dir='ltr'>laetentur</span> <span class='ocrx_word' id='word_1_171' title='bbox 876 2014 1082 2076; x_wconf 81' lang='lat' dir='ltr'>hosteS‚</span> <span class='ocrx_word' id='word_1_172' title='bbox 1099 2013 1257 2066; x_wconf 90' lang='lat' dir='ltr'>amici</span> <span class='ocrx_word' id='word_1_173' title='bbox 1284 2013 1519 2066; x_wconf 90' lang='lat' dir='ltr'>doleant.</span> <span class='ocrx_word' id='word_1_174' title='bbox 1596 2014 1823 2066; x_wconf 91' lang='lat' dir='ltr'>Recedit</span> <span class='ocrx_word' id='word_1_175' title='bbox 1841 2014 1987 2083; x_wconf 90' lang='lat' dir='ltr'>gigas</span> <span class='ocrx_word' id='word_1_176' title='bbox 2006 2014 2073 2065; x_wconf 89' lang='lat' dir='ltr'>ad</span> <span class='ocrx_word' id='word_1_177' title='bbox 2099 2021 2278 2066; x_wconf 90' lang='lat' dir='ltr'>tento-</span> 
     </span>
     <span class='ocr_line' id='line_1_20' title="bbox 263 2100 2276 2170; baseline 0.001 -19"><span class='ocrx_word' id='word_1_178' title='bbox 263 2100 422 2164; x_wconf 89' lang='lat' dir='ltr'>rium,</span> <span class='ocrx_word' id='word_1_179' title='bbox 443 2108 498 2152; x_wconf 93' lang='lat' dir='ltr'>et</span> <span class='ocrx_word' id='word_1_180' title='bbox 523 2119 553 2152; x_wconf 89' lang='lat' dir='ltr'>a</span> <span class='ocrx_word' id='word_1_181' title='bbox 579 2100 905 2153; x_wconf 88' lang='lat' dir='ltr'>cubiculario</span> <span class='ocrx_word' id='word_1_182' title='bbox 931 2100 1167 2170; x_wconf 89' lang='lat' dir='ltr'>gladium</span> <span class='ocrx_word' id='word_1_183' title='bbox 1188 2101 1446 2170; x_wconf 86' lang='lat' dir='ltr'>grandem</span> <span class='ocrx_word' id='word_1_184' title='bbox 1468 2108 1523 2152; x_wconf 92' lang='lat' dir='ltr'>et</span> <span class='ocrx_word' id='word_1_185' title='bbox 1542 2100 1966 2170; x_wconf 89' lang='lat' dir='ltr'>pulcherrimum</span> <span class='ocrx_word' id='word_1_186' title='bbox 1993 2100 2203 2169; x_wconf 89' lang='lat' dir='ltr'>accipit,</span> <span class='ocrx_word' id='word_1_187' title='bbox 2220 2107 2276 2153; x_wconf 89' lang='lat' dir='ltr'>et</span> 
     </span>
     <span class='ocr_line' id='line_1_21' title="bbox 266 2185 2274 2256; baseline -0 -19"><span class='ocrx_word' id='word_1_188' title='bbox 266 2185 596 2237; x_wconf 88' lang='lat' dir='ltr'>abstractum</span> <span class='ocrx_word' id='word_1_189' title='bbox 623 2187 865 2255; x_wconf 87' lang='lat' dir='ltr'>agnoscit</span> <span class='ocrx_word' id='word_1_190' title='bbox 901 2187 1055 2238; x_wconf 89' lang='lat' dir='ltr'>illum</span> <span class='ocrx_word' id='word_1_191' title='bbox 1082 2205 1200 2238; x_wconf 91' lang='lat' dir='ltr'>esse</span> <span class='ocrx_word' id='word_1_192' title='bbox 1226 2187 1381 2256; x_wconf 87' lang='lat' dir='ltr'>cujus</span> <span class='ocrx_word' id='word_1_193' title='bbox 1408 2186 1642 2239; x_wconf 88' lang='lat' dir='ltr'>acumini</span> <span class='ocrx_word' id='word_1_194' title='bbox 1668 2205 1780 2238; x_wconf 90' lang='lat' dir='ltr'>non</span> <span class='ocrx_word' id='word_1_195' title='bbox 1805 2186 2029 2255; x_wconf 83' lang='lat' dir='ltr'>lignum,</span> <span class='ocrx_word' id='word_1_196' title='bbox 2055 2205 2166 2238; x_wconf 91' lang='lat' dir='ltr'>non</span> <span class='ocrx_word' id='word_1_197' title='bbox 2194 2204 2274 2249; x_wconf 81' lang='lat' dir='ltr'>OS,</span> 
     </span>
     <span class='ocr_line' id='line_1_22' title="bbox 264 2270 2274 2341; baseline -0 -18"><span class='ocrx_word' id='word_1_198' title='bbox 264 2290 375 2324; x_wconf 90' lang='lat' dir='ltr'>non</span> <span class='ocrx_word' id='word_1_199' title='bbox 417 2272 655 2341; x_wconf 82' lang='lat' dir='ltr'>chalbe,</span> <span class='ocrx_word' id='word_1_200' title='bbox 682 2291 792 2324; x_wconf 93' lang='lat' dir='ltr'>non</span> <span class='ocrx_word' id='word_1_201' title='bbox 832 2272 1008 2341; x_wconf 88' lang='lat' dir='ltr'>aliqua</span> <span class='ocrx_word' id='word_1_202' title='bbox 1046 2272 1309 2323; x_wconf 88' lang='lat' dir='ltr'>resistunt</span> <span class='ocrx_word' id='word_1_203' title='bbox 1345 2290 1508 2334; x_wconf 88' lang='lat' dir='ltr'>arma,</span> <span class='ocrx_word' id='word_1_204' title='bbox 1538 2289 1701 2340; x_wconf 91' lang='lat' dir='ltr'>seque</span> <span class='ocrx_word' id='word_1_205' title='bbox 1741 2271 2027 2340; x_wconf 89' lang='lat' dir='ltr'>deceptum</span> <span class='ocrx_word' id='word_1_206' title='bbox 2074 2270 2203 2322; x_wconf 88' lang='lat' dir='ltr'>dicit</span> <span class='ocrx_word' id='word_1_207' title='bbox 2242 2289 2274 2322; x_wconf 88' lang='lat' dir='ltr'>a</span> 
     </span>
     <span class='ocr_line' id='line_1_23' title="bbox 263 2354 2271 2426; baseline 0 -19"><span class='ocrx_word' id='word_1_208' title='bbox 263 2356 445 2426; x_wconf 87' lang='lat' dir='ltr'>bajulo</span> <span class='ocrx_word' id='word_1_209' title='bbox 489 2357 701 2426; x_wconf 85' lang='lat' dir='ltr'>prioriS,</span> <span class='ocrx_word' id='word_1_210' title='bbox 741 2357 1029 2426; x_wconf 90' lang='lat' dir='ltr'>ipsumque</span> <span class='ocrx_word' id='word_1_211' title='bbox 1075 2356 1318 2424; x_wconf 89' lang='lat' dir='ltr'>bajulum</span> <span class='ocrx_word' id='word_1_212' title='bbox 1370 2355 1567 2407; x_wconf 90' lang='lat' dir='ltr'>scindit</span> <span class='ocrx_word' id='word_1_213' title='bbox 1615 2356 1806 2408; x_wconf 89' lang='lat' dir='ltr'>eodem</span> <span class='ocrx_word' id='word_1_214' title='bbox 1856 2375 1887 2406; x_wconf 89' lang='lat' dir='ltr'>a</span> <span class='ocrx_word' id='word_1_215' title='bbox 1932 2354 2134 2407; x_wconf 87' lang='lat' dir='ltr'>cervice</span> <span class='ocrx_word' id='word_1_216' title='bbox 2175 2373 2271 2423; x_wconf 86' lang='lat' dir='ltr'>per</span> 
     </span>
     <span class='ocr_line' id='line_1_24' title="bbox 266 2440 2267 2511; baseline -0 -18"><span class='ocrx_word' id='word_1_217' title='bbox 266 2443 475 2511; x_wconf 90' lang='lat' dir='ltr'>spinam</span> <span class='ocrx_word' id='word_1_218' title='bbox 498 2450 553 2495; x_wconf 89' lang='lat' dir='ltr'>et</span> <span class='ocrx_word' id='word_1_219' title='bbox 577 2461 732 2495; x_wconf 87' lang='lat' dir='ltr'>renes</span> <span class='ocrx_word' id='word_1_220' title='bbox 759 2443 815 2494; x_wconf 88' lang='lat' dir='ltr'>in</span> <span class='ocrx_word' id='word_1_221' title='bbox 842 2451 1057 2505; x_wconf 91' lang='lat' dir='ltr'>terram,</span> <span class='ocrx_word' id='word_1_222' title='bbox 1075 2441 1277 2506; x_wconf 88' lang='lat' dir='ltr'>dicens,</span> <span class='ocrx_word' id='word_1_223' title='bbox 1303 2445 1337 2470; x_wconf 86' lang='lat'>“</span> <span class='ocrx_word' id='word_1_224' title='bbox 1353 2441 1519 2493; x_wconf 84' lang='lat' dir='ltr'>Serve</span> <span class='ocrx_word' id='word_1_225' title='bbox 1544 2459 1794 2510; x_wconf 91' lang='lat' dir='ltr'>nequam,</span> <span class='ocrx_word' id='word_1_226' title='bbox 1824 2440 1912 2492; x_wconf 93' lang='lat' dir='ltr'>hic</span> <span class='ocrx_word' id='word_1_227' title='bbox 1939 2440 2066 2491; x_wconf 87' lang='lat' dir='ltr'>mihi</span> <span class='ocrx_word' id='word_1_228' title='bbox 2096 2440 2267 2492; x_wconf 89' lang='lat' dir='ltr'>victo-</span> 
     </span>
     <span class='ocr_line' id='line_1_25' title="bbox 260 2525 2264 2597; baseline -0.001 -18"><span class='ocrx_word' id='word_1_229' title='bbox 260 2529 392 2579; x_wconf 89' lang='lat' dir='ltr'>riam</span> <span class='ocrx_word' id='word_1_230' title='bbox 419 2528 476 2578; x_wconf 92' lang='lat' dir='ltr'>in</span> <span class='ocrx_word' id='word_1_231' title='bbox 503 2528 690 2597; x_wconf 88' lang='lat' dir='ltr'>primis</span> <span class='ocrx_word' id='word_1_232' title='bbox 727 2527 966 2579; x_wconf 88' lang='lat' dir='ltr'>dedisset</span> <span class='ocrx_word' id='word_1_233' title='bbox 1001 2525 1197 2578; x_wconf 90' lang='lat' dir='ltr'>ictibus</span> <span class='ocrx_word' id='word_1_234' title='bbox 1217 2527 1268 2590; x_wconf 91' lang='lat'>;’&#39;</span> <span class='ocrx_word' id='word_1_235' title='bbox 1308 2533 1364 2578; x_wconf 93' lang='lat' dir='ltr'>et</span> <span class='ocrx_word' id='word_1_236' title='bbox 1388 2526 1611 2591; x_wconf 87' lang='lat' dir='ltr'>addidit,</span> <span class='ocrx_word' id='word_1_237' title='bbox 1651 2530 1685 2555; x_wconf 85' lang='lat'><strong>“</strong></span> <span class='ocrx_word' id='word_1_238' title='bbox 1707 2526 1860 2578; x_wconf 88' lang='lat' dir='ltr'>Heus</span> <span class='ocrx_word' id='word_1_239' title='bbox 1887 2525 1976 2576; x_wconf 90' lang='lat' dir='ltr'>tu!</span> <span class='ocrx_word' id='word_1_240' title='bbox 2018 2525 2110 2594; x_wconf 92' lang='lat' dir='ltr'>qui</span> <span class='ocrx_word' id='word_1_241' title='bbox 2145 2525 2264 2577; x_wconf 93' lang='lat' dir='ltr'>loco</span> 
     </span>
     <span class='ocr_line' id='line_1_26' title="bbox 261 2610 2264 2680; baseline -0.001 -15"><span class='ocrx_word' id='word_1_242' title='bbox 261 2613 488 2666; x_wconf 86' lang='lat' dir='ltr'>Galonis</span> <span class='ocrx_word' id='word_1_243' title='bbox 529 2632 741 2665; x_wconf 90' lang='lat' dir='ltr'>mecum</span> <span class='ocrx_word' id='word_1_244' title='bbox 785 2612 1070 2664; x_wconf 91' lang='lat' dir='ltr'>discrimen</span> <span class='ocrx_word' id='word_1_245' title='bbox 1113 2610 1278 2672; x_wconf 90' lang='lat' dir='ltr'>inisti,</span> <span class='ocrx_word' id='word_1_246' title='bbox 1307 2610 1400 2680; x_wconf 93' lang='lat' dir='ltr'>qui</span> <span class='ocrx_word' id='word_1_247' title='bbox 1440 2619 1582 2663; x_wconf 89' lang='lat' dir='ltr'>certe</span> <span class='ocrx_word' id='word_1_248' title='bbox 1629 2611 1840 2664; x_wconf 90' lang='lat' dir='ltr'>Galone</span> <span class='ocrx_word' id='word_1_249' title='bbox 1875 2611 2047 2662; x_wconf 87' lang='lat' dir='ltr'>multo</span> <span class='ocrx_word' id='word_1_250' title='bbox 2074 2611 2264 2662; x_wconf 88' lang='lat' dir='ltr'>melior</span> 
     </span>
     <span class='ocr_line' id='line_1_27' title="bbox 257 2695 2261 2767; baseline -0.002 -15"><span class='ocrx_word' id='word_1_251' title='bbox 257 2719 333 2764; x_wconf 84' lang='lat' dir='ltr'>eS,</span> <span class='ocrx_word' id='word_1_252' title='bbox 361 2700 554 2752; x_wconf 87' lang='lat' dir='ltr'>carceri</span> <span class='ocrx_word' id='word_1_253' title='bbox 600 2718 720 2752; x_wconf 91' lang='lat' dir='ltr'>meo</span> <span class='ocrx_word' id='word_1_254' title='bbox 763 2707 816 2751; x_wconf 93' lang='lat' dir='ltr'>te</span> <span class='ocrx_word' id='word_1_255' title='bbox 861 2699 1042 2761; x_wconf 91' lang='lat' dir='ltr'>redde,</span> <span class='ocrx_word' id='word_1_256' title='bbox 1070 2697 1115 2750; x_wconf 91' lang='lat' dir='ltr'>si</span> <span class='ocrx_word' id='word_1_257' title='bbox 1158 2698 1325 2750; x_wconf 88' lang='lat' dir='ltr'>vitam</span> <span class='ocrx_word' id='word_1_258' title='bbox 1365 2706 1517 2750; x_wconf 90' lang='lat' dir='ltr'>tuam</span> <span class='ocrx_word' id='word_1_259' title='bbox 1557 2698 1720 2750; x_wconf 88' lang='lat' dir='ltr'>morti</span> <span class='ocrx_word' id='word_1_260' title='bbox 1763 2698 2010 2767; x_wconf 81' lang='lat' dir='ltr'>praeferre</span> <span class='ocrx_word' id='word_1_261' title='bbox 2050 2695 2261 2765; x_wconf 81' lang='lat' dir='ltr'>cupiS.”</span> 
     </span>
     <span class='ocr_line' id='line_1_28' title="bbox 260 2783 2258 2852; baseline -0.001 -15"><span class='ocrx_word' id='word_1_262' title='bbox 260 2786 398 2838; x_wconf 92' lang='lat' dir='ltr'>Galo</span> <span class='ocrx_word' id='word_1_263' title='bbox 451 2785 756 2850; x_wconf 88' lang='lat' dir='ltr'>subintulit,</span> <span class='ocrx_word' id='word_1_264' title='bbox 819 2785 1154 2838; x_wconf 72' lang='lat' dir='ltr'>“Quantum</span> <span class='ocrx_word' id='word_1_265' title='bbox 1215 2783 1316 2835; x_wconf 94' lang='lat' dir='ltr'>tibi</span> <span class='ocrx_word' id='word_1_266' title='bbox 1378 2784 1607 2836; x_wconf 88' lang='lat' dir='ltr'>contulit</span> <span class='ocrx_word' id='word_1_267' title='bbox 1656 2784 1821 2835; x_wconf 88' lang='lat' dir='ltr'>animi</span> <span class='ocrx_word' id='word_1_268' title='bbox 1864 2784 1950 2836; x_wconf 85' lang='lat' dir='ltr'>vel</span> <span class='ocrx_word' id='word_1_269' title='bbox 1986 2783 2258 2852; x_wconf 81' lang='lat' dir='ltr'>jactantiae</span> 
     </span>
     <span class='ocr_line' id='line_1_29' title="bbox 254 2867 2258 2938; baseline -0.001 -17"><span class='ocrx_word' id='word_1_270' title='bbox 254 2870 460 2938; x_wconf 89' lang='lat' dir='ltr'>gladius</span> <span class='ocrx_word' id='word_1_271' title='bbox 486 2870 592 2934; x_wconf 89' lang='lat' dir='ltr'>ille,</span> <span class='ocrx_word' id='word_1_272' title='bbox 619 2889 730 2921; x_wconf 91' lang='lat' dir='ltr'>non</span> <span class='ocrx_word' id='word_1_273' title='bbox 756 2887 822 2921; x_wconf 87' lang='lat' dir='ltr'>ex</span> <span class='ocrx_word' id='word_1_274' title='bbox 849 2878 942 2921; x_wconf 91' lang='lat' dir='ltr'>tua</span> <span class='ocrx_word' id='word_1_275' title='bbox 967 2869 1165 2921; x_wconf 87' lang='lat' dir='ltr'>virtute</span> <span class='ocrx_word' id='word_1_276' title='bbox 1192 2868 1440 2937; x_wconf 88' lang='lat' dir='ltr'>provenit</span> <span class='ocrx_word' id='word_1_277' title='bbox 1467 2869 1562 2920; x_wconf 92' lang='lat' dir='ltr'>sed</span> <span class='ocrx_word' id='word_1_278' title='bbox 1588 2886 1655 2920; x_wconf 83' lang='lat' dir='ltr'>ex</span> <span class='ocrx_word' id='word_1_279' title='bbox 1680 2886 1799 2920; x_wconf 91' lang='lat' dir='ltr'>mea</span> <span class='ocrx_word' id='word_1_280' title='bbox 1822 2867 2051 2931; x_wconf 91' lang='lat' dir='ltr'>licentia,</span> <span class='ocrx_word' id='word_1_281' title='bbox 2077 2867 2258 2934; x_wconf 82' lang='lat' dir='ltr'>liceat-</span> 
     </span>
     <span class='ocr_line' id='line_1_30' title="bbox 255 2954 2256 3024; baseline 0 -19"><span class='ocrx_word' id='word_1_282' title='bbox 255 2973 358 3023; x_wconf 91' lang='lat' dir='ltr'>que</span> <span class='ocrx_word' id='word_1_283' title='bbox 393 2955 492 3006; x_wconf 91' lang='lat' dir='ltr'>tibi</span> <span class='ocrx_word' id='word_1_284' title='bbox 525 2955 570 3006; x_wconf 92' lang='lat' dir='ltr'>si</span> <span class='ocrx_word' id='word_1_285' title='bbox 604 2955 733 3024; x_wconf 92' lang='lat' dir='ltr'>quid</span> <span class='ocrx_word' id='word_1_286' title='bbox 771 2964 925 3024; x_wconf 89' lang='lat' dir='ltr'>potes</span> <span class='ocrx_word' id='word_1_287' title='bbox 967 2955 1142 3006; x_wconf 92' lang='lat' dir='ltr'>adhuc</span> <span class='ocrx_word' id='word_1_288' title='bbox 1180 2954 1427 3006; x_wconf 89' lang='lat' dir='ltr'>utilitatis</span> <span class='ocrx_word' id='word_1_289' title='bbox 1462 2955 1704 3023; x_wconf 87' lang='lat' dir='ltr'>adjicere.</span> <span class='ocrx_word' id='word_1_290' title='bbox 1782 2954 2012 3007; x_wconf 86' lang='lat' dir='ltr'>Securus</span> <span class='ocrx_word' id='word_1_291' title='bbox 2041 2973 2162 3005; x_wconf 92' lang='lat' dir='ltr'>sum</span> <span class='ocrx_word' id='word_1_292' title='bbox 2189 2972 2256 3006; x_wconf 86' lang='lat' dir='ltr'>ex</span> 
     </span>
     <span class='ocr_line' id='line_1_31' title="bbox 251 3039 2254 3109; baseline -0.001 -17"><span class='ocrx_word' id='word_1_293' title='bbox 251 3041 306 3092; x_wconf 91' lang='lat' dir='ltr'>vi</span> <span class='ocrx_word' id='word_1_294' title='bbox 333 3040 571 3108; x_wconf 88' lang='lat' dir='ltr'>corporis</span> <span class='ocrx_word' id='word_1_295' title='bbox 610 3049 665 3092; x_wconf 94' lang='lat' dir='ltr'>et</span> <span class='ocrx_word' id='word_1_296' title='bbox 702 3041 865 3092; x_wconf 90' lang='lat' dir='ltr'>animi</span> <span class='ocrx_word' id='word_1_297' title='bbox 902 3041 1119 3104; x_wconf 89' lang='lat' dir='ltr'>virtute,</span> <span class='ocrx_word' id='word_1_298' title='bbox 1139 3059 1250 3092; x_wconf 90' lang='lat' dir='ltr'>non</span> <span class='ocrx_word' id='word_1_299' title='bbox 1289 3059 1356 3092; x_wconf 88' lang='lat' dir='ltr'>ex</span> <span class='ocrx_word' id='word_1_300' title='bbox 1393 3058 1663 3092; x_wconf 87' lang='lat' dir='ltr'>armorum</span> <span class='ocrx_word' id='word_1_301' title='bbox 1703 3041 1937 3109; x_wconf 82' lang='lat' dir='ltr'>adject03</span> <span class='ocrx_word' id='word_1_302' title='bbox 1977 3058 2095 3092; x_wconf 90' lang='lat' dir='ltr'>mea</span> <span class='ocrx_word' id='word_1_303' title='bbox 2120 3039 2254 3090; x_wconf 90' lang='lat' dir='ltr'>mihi</span> 
     </span>
     <span class='ocr_line' id='line_1_32' title="bbox 247 3125 2253 3199; baseline -0 -21"><span class='ocrx_word' id='word_1_304' title='bbox 247 3127 363 3178; x_wconf 91' lang='lat' dir='ltr'>laus</span> <span class='ocrx_word' id='word_1_305' title='bbox 405 3126 462 3177; x_wconf 89' lang='lat' dir='ltr'>in</span> <span class='ocrx_word' id='word_1_306' title='bbox 508 3126 883 3194; x_wconf 87' lang='lat' dir='ltr'>adjuvamen.&#39;&#39;</span> <span class='ocrx_word' id='word_1_307' title='bbox 961 3126 1128 3199; x_wconf 83' lang='lat' dir='ltr'>Gigas</span> <span class='ocrx_word' id='word_1_308' title='bbox 1166 3125 1329 3194; x_wconf 89' lang='lat' dir='ltr'>igitur</span> <span class='ocrx_word' id='word_1_309' title='bbox 1365 3126 1532 3177; x_wconf 90' lang='lat' dir='ltr'>iratus</span> <span class='ocrx_word' id='word_1_310' title='bbox 1571 3126 1626 3177; x_wconf 92' lang='lat' dir='ltr'>in</span> <span class='ocrx_word' id='word_1_311' title='bbox 1651 3127 1831 3194; x_wconf 89' lang='lat' dir='ltr'>ipsum</span> <span class='ocrx_word' id='word_1_312' title='bbox 1865 3125 2036 3191; x_wconf 90' lang='lat' dir='ltr'>irruit,</span> <span class='ocrx_word' id='word_1_313' title='bbox 2062 3132 2115 3177; x_wconf 85' lang='lat' dir='ltr'>et</span> <span class='ocrx_word' id='word_1_314' title='bbox 2140 3125 2253 3177; x_wconf 85' lang='lat' dir='ltr'>ictu</span> 
     </span>
     <span class='ocr_line' id='line_1_33' title="bbox 246 3211 2252 3282; baseline 0 -19"><span class='ocrx_word' id='word_1_315' title='bbox 246 3213 423 3282; x_wconf 90' lang='lat' dir='ltr'>primo</span> <span class='ocrx_word' id='word_1_316' title='bbox 465 3213 530 3264; x_wconf 93' lang='lat' dir='ltr'>de</span> <span class='ocrx_word' id='word_1_317' title='bbox 576 3212 748 3281; x_wconf 90' lang='lat' dir='ltr'>clipeo</span> <span class='ocrx_word' id='word_1_318' title='bbox 796 3212 1021 3264; x_wconf 90' lang='lat' dir='ltr'>Galonis</span> <span class='ocrx_word' id='word_1_319' title='bbox 1068 3211 1320 3281; x_wconf 91' lang='lat' dir='ltr'>quicquid</span> <span class='ocrx_word' id='word_1_320' title='bbox 1356 3211 1621 3280; x_wconf 89' lang='lat' dir='ltr'>contingit</span> <span class='ocrx_word' id='word_1_321' title='bbox 1663 3212 1903 3263; x_wconf 89' lang='lat' dir='ltr'>fulminis</span> <span class='ocrx_word' id='word_1_322' title='bbox 1947 3213 2117 3264; x_wconf 89' lang='lat' dir='ltr'>instar</span> <span class='ocrx_word' id='word_1_323' title='bbox 2158 3211 2252 3264; x_wconf 84' lang='lat' dir='ltr'>ab·</span> 
     </span>
     <span class='ocr_line' id='line_1_34' title="bbox 247 3297 2252 3368; baseline -0 -19"><span class='ocrx_word' id='word_1_324' title='bbox 247 3298 464 3363; x_wconf 90' lang='lat' dir='ltr'>scindit,</span> <span class='ocrx_word' id='word_1_325' title='bbox 492 3306 547 3350; x_wconf 91' lang='lat' dir='ltr'>et</span> <span class='ocrx_word' id='word_1_326' title='bbox 586 3298 822 3350; x_wconf 90' lang='lat' dir='ltr'>secundo</span> <span class='ocrx_word' id='word_1_327' title='bbox 864 3298 930 3349; x_wconf 93' lang='lat' dir='ltr'>de</span> <span class='ocrx_word' id='word_1_328' title='bbox 967 3298 1130 3350; x_wconf 88' lang='lat' dir='ltr'>lorica</span> <span class='ocrx_word' id='word_1_329' title='bbox 1167 3305 1375 3367; x_wconf 89' lang='lat' dir='ltr'>partem</span> <span class='ocrx_word' id='word_1_330' title='bbox 1411 3297 1700 3367; x_wconf 88' lang='lat' dir='ltr'>plurimam</span> <span class='ocrx_word' id='word_1_331' title='bbox 1727 3307 1782 3351; x_wconf 91' lang='lat' dir='ltr'>et</span> <span class='ocrx_word' id='word_1_332' title='bbox 1807 3298 1997 3368; x_wconf 88' lang='lat' dir='ltr'>clipeo.</span> <span class='ocrx_word' id='word_1_333' title='bbox 2073 3297 2252 3350; x_wconf 87' lang='lat' dir='ltr'>Sentit</span> 
     </span>
     <span class='ocr_line' id='line_1_35' title="bbox 248 3383 2249 3454; baseline -0.001 -18"><span class='ocrx_word' id='word_1_334' title='bbox 248 3384 388 3436; x_wconf 90' lang='lat' dir='ltr'>Galo</span> <span class='ocrx_word' id='word_1_335' title='bbox 415 3384 656 3454; x_wconf 87' lang='lat' dir='ltr'>viditque</span> <span class='ocrx_word' id='word_1_336' title='bbox 683 3384 858 3454; x_wconf 89' lang='lat' dir='ltr'>palam</span> <span class='ocrx_word' id='word_1_337' title='bbox 886 3383 1031 3453; x_wconf 89' lang='lat' dir='ltr'>quod</span> <span class='ocrx_word' id='word_1_338' title='bbox 1067 3383 1248 3453; x_wconf 90' lang='lat' dir='ltr'>ipsum</span> <span class='ocrx_word' id='word_1_339' title='bbox 1275 3402 1306 3435; x_wconf 90' lang='lat' dir='ltr'>a</span> <span class='ocrx_word' id='word_1_340' title='bbox 1330 3383 1462 3436; x_wconf 85' lang='lat' dir='ltr'>facie</span> <span class='ocrx_word' id='word_1_341' title='bbox 1489 3384 1649 3453; x_wconf 87' lang='lat' dir='ltr'>gladii</span> <span class='ocrx_word' id='word_1_342' title='bbox 1674 3383 1821 3436; x_wconf 88' lang='lat' dir='ltr'>nulla</span> <span class='ocrx_word' id='word_1_343' title='bbox 1846 3391 2079 3454; x_wconf 92' lang='lat' dir='ltr'>possunt</span> <span class='ocrx_word' id='word_1_344' title='bbox 2104 3401 2249 3435; x_wconf 87' lang='lat' dir='ltr'>arma</span> 
     </span>
    </p>
   </div>
   <div class='ocr_carea' id='block_1_3' title="bbox 322 3485 1958 3522">
    <p class='ocr_par' dir='ltr' id='par_1_4' title="bbox 322 3485 1958 3522">
     <span class='ocr_line' id='line_1_36' title="bbox 322 3485 1958 3522; baseline 0.008 -3"><span class='ocrx_word' id='word_1_345' title='bbox 322 3485 513 3522; x_wconf 81' lang='lat' dir='ltr'>CAMD.</span> <span class='ocrx_word' id='word_1_346' title='bbox 543 3486 665 3522; x_wconf 76' lang='lat' dir='ltr'>soc·</span> <span class='ocrx_word' id='word_1_347' title='bbox 1920 3487 1958 3520; x_wconf 82' lang='lat' dir='ltr'><strong>R</strong></span> 
     </span>
    </p>
   </div>
  </div>
 </body>
</html>
