2638 3860
350 395 444 441 156
967 413 981 425 .
1056 395 1363 432 GUALTERI
1407 392 1606 427 MAPns
2007 392 2207 442 [Distinc.
2231 391 2305 430 lv,

344 529 694 600 praemuniam
734 524 949 594 signis*
986 519 1300 583 manifestiS,
1340 526 1582 587 tempore
1633 517 1961 584 competenti
2000 516 2208 568 vicibus
2243 516 2326 567 in-

348 614 640 684 terpolatiS,
666 618 726 662 ut
748 610 886 661 inter
913 606 1119 676 singula
1145 604 1378 674 spatium
1416 603 1613 654 habeas
1638 600 2009 671 poenitudinis.
2086 601 2193 653 Sed
2218 619 2330 652 non

350 701 563 762 credes3
590 697 665 749 ais
692 695 853 758 enim,
874 694 919 745 si
943 692 1256 745 blanditiem
1282 698 1430 742 tuam
1458 688 1770 758 deglutierO,
1790 687 1971 755 praeda
1999 706 2136 739 sum.
2196 688 2333 738 Haec

349 784 503 836 nobis
528 781 725 834 inflixit
749 799 780 832 a
805 798 931 832 casu
972 776 1204 830 Luciferi
1243 775 1514 828 Dominus
1555 781 1752 825 nostrae
1791 772 1966 841 gentis
2005 772 2128 823 odia
2174 771 2338 822 dede-

350 886 546 938 cusque
571 873 908 936 perpetuum,
928 864 1072 916 unde
1102 881 1224 915 cum
1252 860 1689 930 distinguendum
1719 858 1805 923 sit,
1825 866 2082 910 nocentes
2104 865 2158 908 et
2182 857 2338 908 inno-

351 961 530 1005 centes
576 951 690 1019 pari
732 948 1104 1019 persecutione
1142 945 1424 998 damnatis.
1502 945 1567 996 In
1605 943 1862 1013 primaeva
1895 958 2127 1010 namque
2155 957 2340 1009 super-

351 1037 438 1089 bia
462 1055 621 1105 quam
647 1054 713 1087 ex
737 1035 864 1087 novi
889 1033 1222 1103 plenitudine
1252 1031 1459 1083 decoris
1485 1037 1670 1082 nostra
1695 1028 1962 1081 contraxit
1985 1027 2192 1096 ingrata
2218 1026 2340 1077 Deo

350 1121 563 1186 familia,
607 1121 926 1173 choruscum
969 1119 1119 1171 illum
1160 1117 1457 1187 principem
1497 1115 1650 1167 multi
1692 1114 1860 1166 secuti
1888 1121 2016 1165 sunt
2042 1113 2109 1163 ad
2135 1111 2341 1181 aquilo-

352 1225 494 1271 nem,
520 1206 606 1258 alii
646 1205 907 1257 scismatis
947 1204 1173 1256 artifices
1216 1203 1304 1254 alii
1347 1203 1700 1271 coadjutoreS,
1728 1200 1815 1251 alii
1857 1200 2165 1252 seductores
2207 1198 2339 1249 alio-

352 1311 489 1356 rum,
534 1292 620 1343 alii
663 1291 1077 1354 consentienteS,
1121 1289 1209 1341 alii
1254 1288 1403 1340 dubii
1447 1288 1574 1357 quid
1619 1294 1878 1356 ageretur,
1914 1303 2103 1337 omnes
2154 1291 2342 1336 contra

355 1379 534 1429 Deum
578 1375 793 1444 superbi
828 1376 915 1428 vel
964 1374 1238 1443 sapientiae
1277 1373 1622 1442 negligentes,
1699 1371 1911 1441 Dejecti
1949 1378 2077 1422 sunt
2112 1370 2276 1439 igitur
2314 1387 2345 1419 a

355 1461 565 1513 vindice
592 1462 793 1524 dextra,
820 1468 930 1512 tam
968 1460 1158 1511 librata
1182 1467 1292 1510 tam
1313 1458 1614 1527 justissima
1637 1458 1805 1521 lance,
1841 1457 1986 1526 quod
2023 1475 2133 1507 non
2179 1454 2348 1507 defuit

355 1547 669 1615 ignorantiae
709 1546 864 1598 venia
903 1564 1001 1597 nec
1043 1544 1340 1613 iniquitatis
1378 1544 1530 1596 ultio.
1607 1543 1695 1595 Fit
1732 1543 1895 1612 igitur
1932 1543 2044 1612 jam
2073 1542 2220 1611 quod
2258 1540 2350 1610 qui

360 1633 481 1701 plus
510 1632 810 1683 cruciantur
835 1649 901 1683 ex
925 1630 1256 1682 immanitate
1296 1629 1500 1698 peccati
1524 1629 1646 1698 plus
1674 1629 1926 1681 affectant
1951 1646 2016 1679 ex
2041 1627 2228 1679 innata
2254 1644 2351 1678 ne-

357 1717 522 1785 quitia
545 1718 753 1769 laedere.
829 1717 969 1768 Sunt
996 1723 1175 1767 autem
1219 1733 1286 1767 ex
1325 1714 1409 1765 his
1453 1713 1792 1782 magnatibus
1830 1713 1887 1764 hi
1925 1730 2154 1781 quorum
2195 1712 2350 1781 cupit

359 1811 413 1854 et
446 1810 627 1871 potest
650 1803 956 1854 immanitas
983 1801 1147 1852 ardua
1173 1800 1437 1863 scandala,
1479 1818 1598 1868 quae
1638 1798 1857 1850 vitanda
1895 1784 2082 1850 censes
2121 1798 2348 1849 efficere.

362 1887 502 1938 Sunt
526 1895 702 1939 autem
730 1888 787 1938 hi
813 1887 904 1956 qui
931 1886 1122 1938 merito
1160 1886 1434 1948 timentur,
1473 1884 1526 1934 in
1568 1902 1796 1952 quorum
1837 1901 2029 1934 manus
2069 1883 2179 1934 dati
2222 1890 2351 1934 sunt

363 1971 591 2040 improbi
654 1991 787 2042 quos
838 1971 1102 2040 completa
1161 1970 1434 2021 damnavit
1475 1969 1747 2038 iniquitas,
1850 1968 1927 2019 Hi
1978 1967 2079 2019 sibi
2116 1968 2354 2019 traditos

365 2058 509 2109 docti
550 2066 675 2108 sunt
709 2057 860 2127 copia
898 2057 1144 2119 exaltare,
1190 2073 1504 2124 promovere
1546 2072 1812 2117 successu,
1853 2052 2164 2105 defensione
2205 2060 2354 2105 tutos

364 2143 701 2211 providentia
726 2151 909 2195 cautos
935 2142 1171 2193 reddere.
1248 2140 1474 2191 Faciunt
1511 2148 1690 2191 autem
1733 2140 1849 2190 haec
1887 2138 1973 2190 his
2013 2156 2242 2207 quorum
2269 2139 2354 2190 eis

365 2227 689 2295 prosperitas
740 2227 884 2278 utilis
944 2234 1042 2290 est,
1085 2235 1139 2277 et
1181 2225 1325 2277 salva
1369 2225 1639 2276 damnatio
1696 2243 1819 2276 cum
1869 2224 2155 2276 voluerint.
2258 2224 2359 2275 Hii

368 2312 733 2375 blandiuntur,
759 2318 821 2363 ut
845 2313 1102 2381 perdant3
1143 2312 1356 2363 elevant
1382 2319 1442 2361 ut
1470 2310 1723 2373 allidant,
1761 2309 1818 2359 hi
1844 2309 2037 2360 merito
2065 2309 2359 2361 detestabi-

365 2396 442 2448 les
469 2396 584 2448 orbi
609 2397 982 2465 praedicantur.
1058 2396 1132 2446 Et
1157 2396 1262 2447 heu
1287 2395 1296 2446 !
1337 2413 1436 2446 nos
1478 2394 1566 2446 illa
1605 2395 1847 2446 fucamur
1871 2393 2190 2445 innocentes
2216 2394 2355 2446 infa-

367 2483 491 2534 mia.
567 2482 759 2534 Procul
784 2483 926 2534 enim
955 2501 984 2533 a
1010 2481 1166 2533 nobis
1210 2489 1337 2532 sunt
1361 2480 1561 2550 rapinae
1598 2481 1949 2550 peculiorum,
1978 2480 2358 2532 subversiones

367 2567 597 2630 urbium,
626 2568 944 2636 sanguinum
972 2567 1086 2618 sitis
1132 2573 1187 2618 et
1232 2567 1400 2617 fames
1439 2565 1755 2628 animarum,
1797 2572 1851 2616 et
1891 2564 2014 2633 plus
2055 2564 2176 2615 mali
2224 2564 2361 2617 velle

371 2672 528 2721 quam
556 2653 841 2722 possimus.
919 2653 1045 2704 Sine
1073 2661 1245 2704 morte
1272 2651 1428 2703 nobis
1457 2650 1685 2701 sufficiat
1709 2657 1949 2701 nostram
1971 2650 2192 2701 omnino
2211 2668 2356 2702 com-

370 2739 514 2807 plere
539 2738 824 2790 licentiam.
901 2738 1161 2790 Ridiculis
1199 2739 1370 2789 fateor
1413 2744 1469 2787 et
1510 2734 1966 2787 ludificationibus
1994 2736 2121 2804 apti,
2148 2736 2361 2805 praesti-

372 2824 456 2892 gia
483 2825 756 2888 struimus,
780 2824 1032 2893 fingimus
1059 2822 1486 2892 imaginationes,
1525 2822 1845 2872 fantasmata
1870 2821 2112 2885 facimus,
2140 2829 2201 2872 ut
2227 2822 2364 2873 veri-

374 2917 482 2960 tate
510 2917 752 2961 contecta
791 2928 928 2960 vana
952 2908 1276 2976 ridiculaque
1305 2907 1546 2958 simultas
1573 2914 1842 2975 appareat.
1920 2906 2099 2959 Omne
2125 2908 2271 2977 quod
2298 2908 2364 2959 ad

430 3064 454 3091 *
483 3067 581 3105 This
601 3067 781 3106 incident
802 3067 849 3105 of
863 3067 933 3105 the
950 3067 1064 3105 three
1084 3066 1298 3115 warnings‚
1317 3078 1340 3103 a
1395 3064 1639 3111 dieantium,
1663 3064 1752 3103 title
1771 3065 2041 3104 Morsu—See
2061 3078 2130 3116 my
2165 3065 2368 3104 Selection

379 3133 482 3171 little
502 3134 651 3172 altered
669 3134 712 3171 in
737 3134 791 3172 its
814 3134 971 3180 details,
992 3147 1072 3192 was
1095 3134 1164 3172 the
1184 3133 1340 3183 subject
1395 3133 1440 3172 of
1468 3133 1590 3171 Latin
1617 3131 1783 3176 Stories,
1804 3147 1846 3184 p.
1868 3136 1936 3172 35.
1997 3134 2038 3172 It
2066 3134 2102 3172 is
2134 3134 2278 3184 hardly
2297 3147 2369 3173 ne-

381 3201 425 3238 of
450 3213 473 3238 a
491 3202 660 3251 popular
681 3202 869 3240 monkish
890 3206 1001 3252 story
1021 3202 1064 3240 in
1093 3201 1341 3251 subsequent
1397 3214 1557 3251 cessary
1577 3206 1619 3239 to
1639 3201 1745 3239 refer
1783 3202 1851 3240 the
1871 3202 2012 3240 reader
2032 3206 2074 3239 to
2094 3201 2165 3239 the
2197 3201 2368 3250 English

382 3267 515 3306 times.
570 3268 666 3307 Two
714 3270 892 3307 versions
939 3269 985 3308 of
1028 3270 1095 3307 the
1135 3273 1248 3319 story
1276 3281 1341 3306 are
1396 3281 1517 3319 poem
1545 3281 1597 3307 on
1628 3269 1697 3308 the
1731 3282 1840 3308 same
1872 3269 2029 3319 subject
2060 3268 2278 3319 composed
2305 3269 2360 3320 by

384 3335 498 3383 given
519 3334 561 3372 in
581 3335 691 3374 John
711 3337 756 3374 of
778 3337 1034 3387 Bromyard's
1053 3337 1218 3375 Summa
1234 3336 1338 3374 Prae-
1398 3336 1501 3374 Mrs.
1523 3336 1685 3375 Thrale.
