2638 3860
387 392 485 450 172
1114 401 1422 437 GUALTERI
1464 401 1663 434 MAPsss
2029 397 2227 448 [Distinc.
2252 395 2337 434 111.

455 544 585 596 Exit
627 563 732 596 una
775 543 978 595 dierum
1021 539 1317 593 Gerbertus
1362 538 1633 590 civitatem
1682 537 1814 588 hora
1858 535 2170 599 meridiana,
2220 533 2372 603 quasi

386 630 687 698 spatiatum,
737 635 791 679 et
839 628 978 678 fame
1027 625 1378 694 torquebatur
1422 623 1488 674 ad
1537 623 1762 684 luctum,
1812 628 1868 672 et
1915 627 2064 672 totus
2114 627 2265 671 extra
2314 636 2371 669 se

384 714 710 780 pedetentim
771 713 927 780 longe
977 711 1211 763 defertur
1258 710 1315 760 in
1365 726 1574 771 nemus,
1625 714 1681 758 et
1728 705 1785 756 in
1836 705 2032 756 saltum
2082 703 2371 756 deveniens

384 797 655 849 foeminam
692 795 768 846 ibi
808 795 1005 864 reperit
1051 793 1306 845 inauditae
1355 790 1791 861 pulchritudiniS,
1842 790 2076 841 maximo
2125 789 2373 840 inseden-

384 889 493 933 tem
535 898 713 951 panno
764 880 947 944 sericO,
973 879 1261 931 habentem
1303 896 1482 930 coram
1530 876 1769 946 positum
1819 876 2116 927 maximum
2169 874 2376 926 denari-

385 984 537 1018 orum
574 984 839 1017 acervum.
915 964 1195 1016 Subtrahit
1237 981 1361 1032 ergo
1405 963 1601 1031 pedem
1644 962 1828 1013 furtim
1873 970 1935 1013 ut
1977 960 2212 1030 effugiat,
2255 960 2373 1010 fan-

385 1059 555 1102 tasma
580 1050 691 1102 sive
734 1049 1064 1119 praestigium
1098 1049 1313 1100 timenS.
1389 1049 1464 1099 At
1500 1048 1590 1098 illa
1614 1047 1794 1116 ipsum
1821 1065 1887 1098 ex
1912 1045 2131 1098 nomine
2157 1062 2373 1108 vocanS,

386 1135 649 1188 confidere
668 1133 841 1203 jubet,
868 1142 923 1185 et
949 1133 1100 1202 quasi
1126 1132 1345 1183 miserta
1376 1133 1509 1200 erS,
1550 1132 1834 1200 pecuniam
1873 1132 1922 1183 ei
1959 1137 2283 1200 praesentem
2321 1136 2376 1180 et

386 1227 637 1288 quantam
664 1220 962 1272 desiderare
999 1225 1181 1287 potest
1219 1217 1524 1270 divitiarum
1563 1216 1772 1285 copiam
1801 1217 2050 1285 spondet,
2079 1216 2373 1267 dummodo

384 1305 545 1356 filiam
571 1305 846 1373 praepositi
886 1322 1005 1374 quae
1038 1303 1217 1372 ipsum
1256 1310 1367 1354 tam
1404 1302 1700 1353 insolenter
1738 1310 2011 1371 spreverat
2038 1301 2372 1370 dedignetur,

386 1398 440 1442 et
465 1390 564 1441 sibi
591 1408 698 1442 non
725 1398 981 1459 tanquam
1007 1388 1237 1440 dominae
1277 1388 1363 1440 vel
1402 1387 1592 1456 majori
1619 1388 1713 1439 sed
1739 1395 1993 1457 tanquam
2019 1388 2133 1456 pari
2161 1394 2216 1438 et
2241 1387 2372 1438 ami-

387 1493 461 1527 cae
485 1475 615 1527 velit
649 1476 934 1538 adhaerere,
960 1474 1234 1543 adjicienS,
1279 1476 1315 1502 “
1336 1473 1638 1525 Meridiana
1675 1491 1856 1538 vocor,
1883 1481 1938 1526 et
1962 1472 2375 1542 generosissimo

385 1561 645 1628 producta
681 1567 981 1623 stemmate,
1015 1560 1071 1611 id
1099 1576 1311 1627 semper
1345 1576 1685 1626 summopere
1725 1559 1923 1622 curavi,
1949 1566 2012 1610 ut
2038 1558 2170 1609 mihi
2194 1575 2378 1627 parem

386 1646 708 1697 omnimodis
733 1646 1046 1709 invenirem,
1073 1645 1164 1713 qui
1184 1662 1316 1696 meae
1341 1643 1661 1712 virginitatis
1687 1644 1891 1713 primos
1913 1645 2196 1713 decerpere
2218 1643 2378 1696 flores

386 1731 575 1799 dignus
596 1731 896 1795 haberetur,
916 1749 1015 1783 nec
1033 1748 1354 1799 quemquam
1375 1729 1585 1798 repperi
1607 1729 1825 1797 quinon
1846 1730 1903 1781 in
1920 1729 2099 1798 aliquo
2121 1729 2254 1780 mihi
2271 1729 2380 1780 dis-

388 1816 582 1867 sideret
606 1835 775 1885 usque
801 1817 868 1868 ad
893 1824 978 1881 te,
1016 1816 1160 1867 unde
1187 1815 1309 1884 quia
1334 1814 1467 1866 mihi
1491 1833 1587 1883 per
1627 1815 1806 1866 omnia
1831 1815 2028 1883 places,
2054 1833 2122 1866 ne
2156 1814 2370 1865 differas

390 1919 605 1952 omnem
644 1902 913 1970 suscipere
950 1901 1257 1953 felicitatem
1285 1917 1446 1967 quam
1471 1898 1571 1949 tibi
1610 1898 1675 1950 de
1714 1898 1846 1950 coelo
1891 1899 2030 1966 pluit
2067 1899 2378 1962 altissimus,

391 1987 542 2053 cujus
587 2005 684 2054 ego
728 1994 964 2038 creatura
1004 2004 1123 2037 sum
1163 1993 1226 2036 ut
1266 1992 1344 2036 tu,
1421 1983 1690 2037 Quoniam
1732 1984 1837 2035 nisi
1874 1984 2049 2052 justas
2094 1985 2379 2036 extorseris

390 2069 493 2120 iras
521 2089 550 2120 a
575 2088 677 2133 me,
702 2069 891 2121 beatus
924 2088 980 2122 es
1008 2069 1155 2120 omni
1190 2087 1369 2120 rerum
1395 2075 1450 2119 et
1486 2075 1659 2119 status
1686 2069 1977 2137 opulentia,
2003 2076 2216 2120 tantum
2254 2087 2377 2120 cum

393 2173 509 2206 mea
548 2155 845 2207 reflorueris
884 2156 951 2206 ad
994 2155 1213 2224 plenum
1249 2153 1539 2222 diligentia,
1581 2154 1766 2205 eadem
1806 2154 1979 2223 ipsam
2025 2154 2275 2223 superbia
2299 2171 2380 2206 re-

391 2241 556 2310 pellas
600 2259 703 2309 qua
746 2248 799 2292 te
837 2241 954 2309 ipsa
1001 2239 1355 2291 miserabilem
1382 2239 1526 2291 fecit.
1604 2239 1727 2291 Scio
1755 2239 1898 2290 enim
1924 2240 2071 2308 quod
2098 2239 2382 2308 poenitebit

392 2344 526 2389 eam,
560 2334 614 2377 et
652 2333 947 2378 revertetur
971 2325 1037 2376 ad
1080 2332 1273 2394 spreta,
1316 2324 1360 2375 si
1399 2324 1574 2376 liceat.
1651 2324 1709 2376 Si
1735 2332 1859 2376 tuos
1886 2325 2092 2376 odisset
2117 2325 2378 2376 instinctu

392 2409 650 2461 castitatis
694 2427 919 2472 amoreS,
956 2409 1010 2460 in
1051 2416 1144 2460 tua
1187 2409 1472 2460 meruisset
1497 2409 1722 2477 gratiam
1747 2409 1988 2462 victoria.
2068 2409 2173 2462 Sed
2199 2409 2255 2460 id
2297 2427 2382 2460 so-

385 2495 499 2545 lum
526 2494 580 2545 in
607 2513 764 2546 causa
788 2494 907 2559 fuit,
927 2502 990 2546 ut
1014 2502 1067 2546 te
1089 2494 1180 2563 qui
1198 2494 1443 2546 omnium
1464 2495 1669 2563 judicio
1698 2513 1861 2564 super
1887 2513 2075 2547 omnes
2097 2514 2212 2547 eras
2239 2513 2379 2546 ama-

390 2580 510 2630 bilis
536 2580 826 2632 insolenter
850 2580 1076 2648 abjectO,
1116 2580 1228 2631 sine
1268 2580 1571 2648 suspicione
1605 2582 1807 2633 faveret
1841 2581 1974 2645 aliis,
2002 2581 2242 2649 falsoque
2270 2581 2380 2632 Mi-

390 2683 566 2716 nervae
608 2666 767 2734 peplo
810 2665 1006 2716 velavit
1042 2665 1417 2733 Aphroditem,
1462 2673 1517 2717 et
1558 2665 1657 2717 sub
1701 2673 1809 2718 tuae
1846 2673 2114 2734 praetextu
2151 2666 2379 2734 repulsae

390 2749 445 2799 in
465 2767 613 2800 suam
630 2748 717 2799 alii
734 2748 1166 2800 divaricationem
1183 2749 1522 2817 appulerunt.
1594 2750 1735 2801 Proh
1754 2750 1930 2802 dolor!
1971 2750 2193 2819 expulsa
2210 2750 2380 2800 Palla-

394 2834 458 2886 de
501 2835 697 2903 tegitur
742 2834 840 2885 sub
885 2834 1052 2902 aegide
1096 2833 1335 2902 Gorgon,
1375 2842 1429 2885 et
1482 2843 1576 2886 tua
1619 2836 1903 2887 manifesta
1944 2835 2189 2887 confusio
2233 2834 2382 2886 dedit

393 2918 759 2970 umbraculum
800 2919 942 2987 lupae
983 2917 1268 2987 spurcitiiS,
1307 2936 1466 2986 quam
1510 2918 1550 2969 si
1597 2919 1754 2987 digne
1800 2937 2012 2988 semper
2050 2919 2245 2971 dixeris
2272 2919 2379 2970 tuis

393 3003 662 3072 indignam
702 3003 1055 3072 amplexibuS,
1081 3003 1396 3072 praecelsum
1437 3011 1491 3055 te
1530 3003 1719 3055 faciam
1763 3004 1819 3055 in
1865 3003 2116 3056 omnibus
2156 3005 2379 3057 excelsis

394 3096 562 3140 terrae.
634 3088 815 3140 Times
855 3088 1078 3140 forsitan
1113 3087 1282 3151 illudi,
1324 3095 1379 3139 et
1424 3088 1644 3140 succubi
1685 3089 1945 3140 daemonis
1986 3089 2039 3141 in
2085 3107 2171 3140 me
2215 3089 2382 3141 vitare

396 3173 569 3223 tendis
607 3174 852 3242 argutias.
930 3174 1168 3224 Frustra.
1245 3173 1388 3224 Nam
1414 3173 1490 3223 illi
1529 3192 1663 3242 quos
1701 3174 1894 3225 metuis
1922 3181 2114 3226 cavent
2140 3173 2383 3225 similiter

395 3255 673 3306 hominum
713 3257 959 3320 fallacias,
991 3265 1045 3307 et
1083 3275 1192 3308 non
1219 3257 1323 3307 nisi
1350 3257 1472 3308 data
1497 3258 1603 3309 fide
1629 3258 1715 3310 vel
1741 3258 1843 3310 alia
1872 3258 2156 3310 securitate
2183 3275 2243 3308 se
2270 3276 2382 3309 cre-

401 3339 535 3390 dunt
559 3341 729 3405 alicui,
756 3350 809 3393 et
834 3342 968 3394 nihil
992 3349 1184 3410 praeter
1214 3349 1494 3410 peccatum
1520 3342 1586 3394 ab
1614 3343 1689 3394 eis
1716 3344 1956 3395 referunt
1983 3343 2074 3412 qui
2106 3342 2378 3394 falluntur.
