2638 3860
318 339 419 389 cap,
443 339 546 389 xvi.]
937 337 1014 371 DE
1058 338 1241 372 Noors
1284 338 1659 375 CURIALIUM.
2205 332 2298 378 191

290 478 628 547 longinquas.
685 476 844 528 Datis
872 495 996 546 ergo
1024 484 1079 528 et
1105 477 1337 547 acceptis
1365 479 1583 542 osculis,
1609 480 1748 549 petit
1774 480 1900 532 0110
1927 481 2072 534 unde
2098 489 2153 534 et
2179 502 2303 552 quo,

288 582 411 616 cum
439 564 620 633 potius
650 563 947 615 secundum
975 581 1184 616 amores
1210 564 1514 632 praeteritos
1540 567 1736 618 reverti
1776 574 1832 619 et
1873 568 2143 638 suscipere
2185 577 2303 620 tan-

290 658 406 701 tum
435 650 711 702 debuisset
736 650 985 702 amicum.
1060 650 1263 701 Audito
1291 658 1471 702 autem
1498 653 1643 720 quod
1686 652 1802 722 ipse
1849 654 1995 705 solus
2035 655 2091 706 in
2128 675 2303 708 causae

290 744 433 788 esset
478 736 561 787 sui
605 736 888 799 adventus,
932 735 1165 788 reditum
1211 737 1487 789 excusavit
1535 757 1632 807 per
1675 739 1964 805 nundinas,
2005 750 2059 793 et
2108 743 2304 811 adjecit

291 821 516 874 Scevam
560 822 616 874 in
658 822 819 873 doma
870 840 966 873 sua
1006 822 1316 874 nullatenus
1356 842 1518 892 posse
1561 825 1727 894 recipi
1769 827 1953 878 multis
1999 846 2065 879 ex
2109 830 2302 896 causiS,

290 915 345 959 et
371 908 436 959 ab
463 908 583 978 ipso
610 907 860 976 migravit
885 915 1011 977 post
1036 907 1204 976 bigas,
1281 908 1451 961 Sceva
1492 928 1548 962 se
1594 911 1841 964 delusum
1887 913 2094 979 (1010113,
2133 934 2303 986 prope

293 994 514 1063 Papiam
543 994 758 1046 Ollonis
786 995 925 1045 forte
951 1003 1225 1062 pastorem
1252 995 1466 1047 nescius
1494 997 1800 1066 alloquitur,
1819 1007 1874 1051 et
1889 1000 2155 1070 accipiens
2182 1002 2300 1072 quis

289 1088 449 1144 esset,
477 1081 668 1149 quaerit
694 1087 895 1131 statum
924 1079 1138 1131 Ollonis
1165 1081 1222 1131 in
1248 1080 1410 1132 rebus
1437 1081 1728 1134 mobilibus
1755 1092 1810 1136 et
1834 1084 2220 1153 immobilibus,
2247 1097 2303 1142 et

289 1165 470 1217 omnia
514 1173 716 1216 secreta
756 1165 950 1216 domus
995 1165 1062 1216 ab
1107 1165 1227 1234 ipso
1271 1167 1514 1232 edoctus.
1560 1186 1622 1219 ea
1657 1187 1756 1237 pro
1796 1169 2107 1241 intersignis
2147 1175 2302 1227 uxori

289 1251 502 1303 Ollonis
529 1251 684 1302 affert
701 1258 763 1302 ut
781 1250 1104 1319 suscipiatur
1129 1251 1386 1320 hospitio.
1439 1252 1760 1322 Suscipitm,
1789 1263 1843 1306 et
1869 1274 1976 1307 non
2006 1266 2089 1309 est
2109 1278 2300 1328 passus

288 1343 350 1387 ut
376 1343 628 1388 contenta
649 1335 718 1387 sit
742 1336 829 1387 vel
856 1355 951 1387 sua
984 1337 1072 1389 vel
1113 1337 1326 1389 Ollonis
1369 1338 1570 1389 familia
1596 1339 1680 1390 his
1725 1358 1844 1408 quae
1871 1342 2211 1410 reperiuntur
2244 1346 2302 1398 in

285 1421 630 1473 facultatibus
681 1421 894 1487 (10111113,
939 1440 1062 1474 011111
1104 1423 1289 1475 multae
1336 1423 1446 1474 sint
1490 1431 1658 1489 extra,
1696 1425 1854 1494 jubet
1894 1428 2061 1496 quaeri
2087 1430 2300 1483 delicias

290 1508 392 1558 sibi
417 1516 480 1558 ut
499 1508 669 1576 jactat
696 1508 898 1573 solitas,
925 1516 980 1560 et
1004 1516 1114 1560 tam
1145 1509 1481 1578 splendidam
1510 1516 1728 1579 tamque
1755 1511 2064 1565 affluentem
2092 1533 2298 1568 coenam

296 1601 570 1663 praeparat
596 1594 662 1645 de
701 1594 939 1663 proprio,
966 1602 1029 1646 ut
1067 1595 1122 1645 in
1169 1595 1520 1647 admiratione
1563 1596 1723 1648 etiam
1764 1597 2064 1651 vicinorum
2107 1602 2306 1657 veniat.

287 1680 462 1731 Vocat
505 1680 561 1730 in
612 1682 728 1731 foro
781 1688 1005 1745 stanteS‚
1057 1689 1400 1733 transeuntes
1451 1681 1664 1746 retinet,
1709 1692 1764 1735 et
1813 1693 2019 1736 tantam
2070 1687 2301 1740 effundit

288 1764 529 1816 ciborum
558 1773 612 1817 et
651 1774 815 1834 potus
858 1767 1088 1834 copiam,
1133 1774 1195 1818 ut
1234 1775 1347 1818 tam
1385 1786 1523 1819 uxor
1568 1767 1781 1821 Ollonis
1809 1789 1970 1839 quam
1997 1790 2185 1825 omnes
2212 1774 2301 1826 alii

290 1850 676 1920 sempiternam
704 1859 897 1921 optent
917 1852 1133 1904 Ollonis
1160 1853 1460 1906 absentiam
1489 1862 1544 1905 et
1569 1856 1912 1923 praesentiam
1933 1857 2134 1911 Scevae.
2176 1860 2300 1912 Hoc

288 1937 478 1989 diebus
522 1938 767 2006 plurimis
815 1945 971 1990 aucta
1013 1957 1227 2008 semper
1271 1940 1593 2013 solennitate
1638 1940 1812 2009 agitur
1834 1963 1849 2005 3
1886 1941 2082 1995 invitat
2111 1963 2299 1998 omnes

289 2024 380 2092 qui
423 2024 666 2088 veniunt,
713 2024 867 2076 avida
906 2025 1244 2076 honorantur
1288 2026 1474 2077 laetitia
1515 2026 1606 2096 qui
1646 2045 1757 2078 non
1796 2027 1964 2095 jussis
2009 2038 2301 2083 onerantur

288 2109 548 2160 exenniis.
623 2109 860 2161 Advolat
894 2117 1008 2161 tota
1033 2111 1310 2179 provincia
1334 2113 1515 2164 videre
1552 2114 1696 2182 quod
1737 2112 1995 2178 audiunt3
2040 2115 2217 2167 evolat
2241 2118 2298 2169 in

285 2195 433 2246 vicos
452 2203 506 2246 et
521 2193 681 2245 urbes
702 2194 985 2246 admiratio
1002 2196 1404 2266 fugientemque
1425 2198 1781 2267 deprehendit
1791 2197 2061 2251 Ollonem.
2105 2200 2300 2271 Stupet

288 2280 435 2344 0110,
463 2280 758 2350 statuitque
800 2299 910 2332 non
954 2281 1150 2333 reverti
1191 2282 1364 2334 donec
1403 2283 1491 2334 ille
1535 2291 1820 2334 avertatur.
1898 2284 1974 2334 Et
2007 2303 2129 2336 cum
2157 2288 2298 2339 zelo-

285 2368 449 2438 typiae
478 2367 837 2419 sollicitudine
866 2385 1047 2419 secum
1076 2368 1141 2419 de
1176 2368 1331 2420 uxori
1367 2369 1569 2434 saeviat,
1609 2370 1723 2421 zelo
1761 2369 2113 2422 nihilominus
2157 2372 2296 2425 inta-

286 2454 459 2505 bescit
483 2453 698 2517 invidae,
719 2453 830 2522 jam
859 2472 968 2504 non
996 2462 1058 2505 ut
1084 2453 1392 2506 avidissime
1420 2455 1558 2506 solet
1582 2455 1638 2506 in
1664 2456 2006 2524 promotione
2036 2459 2294 2512 mercium

286 2541 453 2604 ardet,
505 2557 603 2591 nec
646 2540 842 2590 damna
887 2540 1048 2604 dolet,
1100 2559 1199 2592 nec
1247 2541 1312 2592 de
1362 2541 1510 2592 lucro
1551 2541 1763 2593 laetatur
1806 2560 1906 2593 nec
1947 2542 2012 2594 de
2052 2546 2295 2613 augenda

284 2633 478 2695 pensat
519 2625 606 2677 vel
650 2624 1017 2676 conservanda
1059 2625 1322 2694 pecunia3
1376 2626 1633 2694 prodigus
1678 2634 1761 2678 est
1794 2645 1971 2678 rerum
2011 2635 2066 2679 et
2103 2648 2293 2683 avarus

283 2712 485 2776 uxoriS‚
513 2719 568 2764 et
594 2711 723 2762 dum
751 2711 888 2763 circa
915 2712 1030 2780 ejus
1058 2719 1113 2763 et
1138 2712 1322 2764 Scevae
1350 2720 1551 2764 statum
1591 2713 1800 2764 curioso
1847 2713 2052 2766 divinat
2094 2715 2292 2782 animO,

285 2798 415 2867 quid
463 2797 558 2848 fiat
606 2797 660 2849 in
707 2798 762 2849 id
814 2798 958 2866 quod
1006 2816 1131 2850 vere
1182 2799 1245 2850 fit
1303 2817 1431 2851 casu
1491 2799 1810 2851 devolvitur.
1911 2800 2055 2851 Nam
2123 2801 2291 2856 Sceva

285 2891 435 2934 totus
477 2882 535 2933 in
573 2883 678 2934 hoc
716 2890 817 2947 est,
869 2883 1014 2952 quod
1051 2883 1168 2952 ipse
1211 2883 1369 2935 timet
1410 2892 1464 2936 et
1507 2893 1916 2953 quantacunque
1954 2893 2137 2954 potest
2179 2896 2292 2941 arte

285 2969 462 3037 ipsam
513 2968 569 3018 in
615 2977 742 3020 vota
793 2987 889 3019 sua
928 2969 1152 3033 seducit,
1197 2977 1253 3021 et
1292 2989 1415 3021 cum
1460 2970 1525 3021 ad
1570 2970 1784 3021 libitum
1825 2989 1983 3022 suum
2021 2972 2290 3040 abutatur,

283 3053 466 3105 illicita
518 3073 627 3105 non
683 3054 812 3105 satis
863 3055 912 3106 ei
967 3054 1142 3123 placet
1179 3054 1386 3120 abusio,
1440 3056 1534 3107 sed
1584 3056 1766 3125 adjicit
1806 3056 2005 3122 dicens,
2059 3058 2290 3112 “Caris-

288 3140 422 3190 sima
463 3139 538 3190 mi
587 3139 755 3191 electa
805 3146 860 3191 et
909 3157 1071 3207 super
1121 3139 1354 3190 animam
1397 3158 1572 3191 meam
1623 3140 1833 3205 dilecta,
1882 3149 2040 3210 potes
2083 3143 2127 3195 si
2176 3147 2293 3214 pla-

287 3232 429 3275 ceret
486 3223 657 3275 menti
706 3223 915 3293 placare
972 3231 1209 3275 mentem
1271 3224 1704 3276 sollicitissimam
1764 3243 1939 3277 meam
2002 3235 2058 3279 et
2118 3236 2288 3284 totam

286 3310 395 3360 tuis
455 3309 842 3361 inflammatam
893 3309 1186 3374 amoribuS,
1254 3318 1315 3361 ut
1379 3329 1562 3363 secure
1626 3311 1786 3363 simul
1846 3313 2172 3366 omnimodis
2224 3318 2290 3370 de
