2638 3860
335 346 436 399 capg
458 346 606 398 mm
959 345 1038 380 DE
1078 345 1264 382 NUGIS
1304 345 1679 382 cnmALmM.
1989 389 1991 392 p
2251 331 2319 393 67

310 472 368 525 in
392 472 610 544 hymnis
638 480 693 525 et
716 471 920 537 laetitia,
947 479 1003 525 et
1026 491 1304 542 nunquam
1330 473 1586 543 querulus
1606 481 1700 525 aut
1718 473 1907 540 tristis,
1930 473 2007 526 ibi
2026 473 2318 527 comedens

312 562 459 630 quod
496 561 758 630 repperit3
806 561 1030 613 sabbato
1062 569 1235 613 castra
1259 571 1462 627 movet,
1487 581 1599 614 non
1624 579 1794 630 vagus
1822 560 1918 612 sed
1942 559 2046 612 loci
2073 576 2318 629 quaerens

312 648 697 712 amoenitatem,
724 667 835 700 non
861 647 1204 712 uberitatem‚
1228 667 1340 701 non
1365 657 1636 701 remotum
1654 646 1720 698 ab
1741 647 1877 698 aeris
1903 644 2316 715 importunitate

310 732 508 798 sinum,
534 733 629 785 ubi
654 733 830 786 victus
856 733 1056 803 aliquid
1094 752 1249 786 secus
1285 753 1477 804 aquam
1505 733 1786 786 obvenerit
1811 751 1935 785 cum
1959 731 2155 801 gaudio
2200 748 2316 782 me-

309 826 472 883 tatur,
499 838 660 889 quem
706 819 752 871 si
794 819 976 872 videre
1014 820 1150 872 libet
1194 839 1356 890 super
1392 821 1557 889 hujus
1596 818 1832 870 rivulum
1869 818 2036 869 fontis
2062 817 2163 868 hac
2188 815 2315 868 facit

311 903 613 956 ebdomada
655 905 1057 958 residentiam.’'
1134 906 1241 957 His
1269 906 1427 958 dictis
1452 905 1623 958 ferina
1659 905 1944 957 velocitate
1981 903 2208 957 recessit
2245 902 2313 955 ab

308 991 448 1060 ipso,
523 992 920 1061 Neapolitanus
947 999 1131 1044 autem
1155 992 1447 1061 Anglicum
1472 992 1756 1044 intervallo
1781 991 2009 1061 parvulo
2035 997 2312 1042 mortuum

305 1077 564 1146 repperit,
589 1085 644 1130 et
687 1077 758 1129 ob
798 1077 1155 1130 reverentiam
1198 1078 1466 1129 virtutum
1510 1078 1628 1146 ejus
1670 1094 1771 1128 nec
1813 1075 1995 1145 ipsum
2038 1093 2138 1127 nec
2164 1074 2313 1144 quic-

307 1180 469 1231 quam
511 1162 578 1213 de
624 1180 723 1213 suo
764 1170 982 1231 tangere
1025 1162 1395 1231 praesumpsit,
1424 1162 1692 1231 sociisque
1732 1160 1844 1212 suis
1884 1160 2202 1229 dignitatem
2229 1178 2312 1212 se-

304 1249 539 1318 pulturae
580 1248 968 1300 commendans
1009 1247 1288 1300 abscessit.
1366 1248 1476 1300 Hic
1525 1249 1735 1300 fontem
1774 1246 1979 1298 laetitiae
2026 1244 2310 1297 Christum

304 1339 525 1402 pectore
563 1332 783 1401 gerebat
825 1333 1107 1403 AnglicUS,
1152 1333 1238 1386 cui
1279 1334 1484 1385 nullam
1528 1333 1709 1402 potuit
1747 1331 1989 1400 infligere
2034 1329 2307 1382 tristitiam

304 1418 571 1489 angustia.
646 1418 769 1471 Sint
810 1419 1109 1490 hypocritae
1145 1420 1239 1484 sic,
1271 1427 1336 1471 ut
1367 1419 1443 1471 ait
1479 1418 1773 1482 Dominm,
1811 1418 2013 1482 tristes,
2042 1415 2166 1486 quia
2190 1432 2312 1484 per-

303 1506 445 1558 fecta
470 1504 700 1556 charitas
726 1505 868 1557 foras
895 1504 1066 1557 mittit
1091 1523 1214 1557 cum
1240 1503 1459 1557 tristitia
1484 1503 1787 1556 timorem.*

362 1619 603 1686 Explicit
629 1619 898 1670 distinctio
913 1620 1097 1685 prima
1121 1634 1383 1686 nuffarum
1407 1618 1700 1669 curialium.
1772 1616 1969 1683 Incipit
1992 1615 2237 1667 secunda.

355 1759 381 1786 *
411 1761 544 1811 Epist.
581 1763 598 1797 l
631 1759 755 1798 Joan.
787 1760 840 1798 iv.
868 1760 932 1797 18.
990 1758 1132 1797 Timor
1157 1770 1242 1797 non
1269 1757 1398 1797 estin
1430 1756 1641 1804 charitate,
1677 1755 1748 1795 sed
1779 1755 1960 1806 perfecta
1994 1754 2169 1794 charitas
2201 1754 2310 1792 foras

300 1828 431 1868 mittit
450 1828 653 1867 timorem.
