2638 3860
339 371 411 418 30
1050 370 1359 409 GUALTERI
1400 367 1600 404 MAPES
2032 359 2229 412 [Distinc.
2256 358 2292 397 1.

340 506 575 559 cundum
600 521 742 556 arma
777 499 862 554 vel
900 497 1071 551 officia
1111 496 1322 564 signum
1361 491 1532 544 crucis
1572 497 1666 542 aut
1707 487 1864 557 clipei
1902 486 2124 538 modum
2167 482 2324 553 ponit

341 590 698 651 distinctione,
723 586 858 638 circa
882 583 1178 635 castitatem
1205 579 1315 631 suis
1343 584 1395 628 et
1412 575 1757 627 sobrietatem
1773 571 1978 623 asserit.
2035 570 2185 621 Inter
2205 569 2319 618 haec

340 693 523 727 eorum
548 671 714 732 initia,
740 667 930 719 accidit
954 665 1098 734 quod
1124 663 1339 731 quidam
1370 678 1437 711 ex
1486 656 1825 719 ChristianiS,
1859 654 2013 705 miles
2046 652 2319 704 altissimae

338 761 492 810 famae
517 763 695 817 notUS,
721 752 811 820 qui
834 749 1053 819 paganis
1075 755 1130 800 et
1153 765 1250 816 pro
1269 743 1562 797 interfectis
1584 742 1650 794 ab
1678 760 1741 793 eo
1767 738 2012 809 plurimis
2032 744 2317 806 parentum

338 850 392 894 et
434 839 723 890 amicorum
762 835 984 897 invisus,
1027 831 1254 884 fortuitu
1297 836 1484 898 captus
1515 827 1582 878 ab
1626 826 1703 878 eis
1730 825 1797 877 ad
1825 823 2064 891 stipitem
2108 821 2322 873 ducitur

335 923 550 987 assenti,
575 940 641 973 ex
664 920 934 972 nobilibus
960 918 1115 969 multi
1141 916 1470 985 sagittanteS,
1497 911 1588 981 qui
1633 909 1870 978 singulos
1912 908 2051 959 ictus
2098 905 2320 974 singulis

337 1014 572 1061 emerant
597 1025 627 1056 a
651 1023 771 1073 rege
790 1003 1004 1055 talentis
1029 1003 1086 1053 in
1113 999 1383 1069 sanguinis
1409 998 1614 1049 ultione
1641 994 1797 1046 effusi
1814 1011 1880 1046 ex
1906 992 2034 1044 suis·
2091 989 2322 1042 Astabat

337 1093 386 1146 ei
409 1110 519 1156 reX,
539 1090 757 1158 cupiens
784 1107 907 1141 eum
935 1087 1032 1139 sibi
1063 1087 1107 1137 si
1132 1091 1379 1154 negasset
1404 1080 1769 1144 confoederari,
1789 1087 1844 1131 et
1859 1079 1926 1130 ad
1946 1096 2105 1130 omne
2123 1077 2322 1129 vulnus

336 1177 557 1229 adulans
573 1173 894 1227 omnimodis
911 1191 1033 1224 eum
1050 1169 1403 1238 attemptabat
1418 1169 1642 1231 allicere,
1659 1184 1819 1235 quem
1833 1171 1896 1215 ut
1912 1170 2026 1215 tota
2042 1162 2177 1214 vidit
2194 1179 2322 1213 con-

340 1260 534 1314 stantia
564 1260 775 1322 fortem,
821 1258 993 1308 adhuc
1018 1274 1128 1307 non
1156 1255 1392 1324 dejectus
1420 1274 1450 1306 a
1482 1271 1577 1323 spe
1617 1252 1855 1304 solutum
1880 1247 2138 1301 reservari
2158 1245 2323 1315 jussit

337 1354 392 1398 et
417 1344 602 1407 curari,
629 1342 902 1409 multoque
926 1340 1213 1392 luctamine
1240 1340 1333 1391 diu
1371 1347 1594 1392 conatus
1635 1344 1828 1390 votum
1868 1333 2077 1402 exequi,
2113 1333 2322 1384 defrau-

338 1431 521 1482 datum
549 1446 606 1479 se
632 1427 794 1488 dolet,
820 1425 942 1495 quia
967 1432 1084 1476 tum
1108 1424 1289 1493 ipsum
1316 1423 1566 1476 dominus
1604 1439 1702 1490 pro
1729 1437 1835 1489 quo
1861 1418 2170 1487 patiebatur
2206 1435 2324 1486 gra-

336 1514 535 1565 tiosum
561 1511 609 1563 ei
634 1511 845 1573 fecerat,
871 1508 1090 1576 cupiens
1117 1525 1240 1559 eum
1265 1505 1476 1557 liberari
1501 1505 1568 1556 ab
1596 1503 1970 1573 expectatione
2012 1510 2124 1554 tam
2165 1521 2321 1555 saevae

336 1595 573 1649 ultionis·
651 1595 882 1645 Puerum
921 1592 1064 1644 enim
1095 1591 1144 1643 ei
1181 1589 1480 1659 designavit
1505 1607 1572 1640 ex
1596 1588 1815 1641 nomine
1843 1605 2003 1656 quem
2030 1586 2324 1638 Christiani

334 1682 536 1734 victum
560 1678 830 1730 habebant
852 1694 1138 1746 paganum,
1162 1693 1260 1744 pro
1288 1692 1393 1743 quo
1422 1693 1479 1726 se
1497 1673 1846 1725 dimissurum
1863 1690 1986 1724 eum
2005 1671 2324 1740 spondebat,

338 1765 718 1831 dominumque
781 1779 938 1813 suum
976 1758 1194 1827 petebat
1233 1758 1476 1810 obsidem
1533 1777 1632 1827 pro
1673 1757 1905 1810 redditu,
1999 1757 2124 1808 Hoc
2166 1756 2321 1807 miles

334 1858 492 1919 pacto
517 1847 814 1900 Jerusalem
839 1845 993 1914 petit,
1019 1844 1313 1912 edocetque
1350 1861 1529 1912 regem
1568 1862 1727 1895 suum
1768 1843 1912 1911 quod
1946 1842 2127 1911 egerit.
2203 1842 2322 1893 Rex

335 1934 496 2002 igitur
545 1939 599 1983 et
641 1932 810 1982 clerus
849 1937 904 1981 et
943 1928 1176 1997 populus
1215 1928 1400 1979 laudes
1441 1927 1680 1979 Domino
1727 1927 1975 1978 solennes
2017 1933 2183 1995 agunt
2221 1943 2320 1995 pro

336 2016 639 2085 receptione
658 2014 794 2066 tanti
812 2011 1152 2081 coadjutoris.
1190 2011 1266 2062 At
1284 2018 1346 2062 ut
1364 2011 1518 2063 miles
1540 2011 1745 2080 accepit
1764 2029 1990 2079 puerum
2011 2010 2321 2076 decessisse,

336 2101 568 2154 reditum
591 2106 743 2169 parat
766 2099 833 2149 ad
859 2098 1000 2149 diem
1027 2103 1307 2170 statutum.
1383 2097 1679 2149 Prohibent
1702 2098 1806 2149 hoc
1830 2096 1946 2148 fieri
1961 2114 2054 2147 rex
2070 2105 2125 2148 et
2143 2103 2321 2147 totum

337 2184 703 2237 universaliter
726 2201 967 2251 regnum,
993 2188 1048 2233 et
1072 2180 1375 2233 absolutum
1402 2200 1432 2232 a
1474 2181 1772 2250 patriarcha
1812 2181 2073 2245 detinent,
2113 2181 2323 2246 missaS,

339 2268 672 2332 elemosinaS,
698 2274 752 2319 et
777 2265 1028 2336 quicquid
1053 2265 1119 2316 ad
1144 2265 1455 2334 hujusmodi
1479 2265 1905 2335 redemptionem
1930 2266 2181 2335 pertinet,
2200 2284 2326 2335 pro-

338 2354 454 2404 fuse
478 2352 885 2421 promittentes3
927 2356 982 2401 et
1007 2367 1129 2401 cum
1156 2349 1230 2400 sic
1255 2356 1441 2417 posset
1479 2349 1698 2401 domino
1738 2357 2001 2419 quantum
2042 2349 2326 2403 videbatur

340 2437 601 2501 satisfieri,
626 2436 702 2487 nil
725 2435 803 2486 ffli
829 2434 956 2485 satis
983 2440 1083 2497 est,
1108 2433 1540 2503 promissumque
1563 2442 1716 2503 parat
1739 2436 1989 2488 reditum.
2065 2436 2229 2490 Quod
2261 2442 2326 2488 ut

339 2521 447 2573 suis
472 2520 725 2584 innotuit,
749 2519 929 2588 ipsum
954 2517 1223 2570 communi
1253 2518 1476 2571 consilio
1504 2526 1721 2571 secretae
1749 2520 1844 2571 sed
1867 2521 2111 2571 honestae
2154 2520 2323 2589 depu-

338 2612 456 2657 tant
479 2604 751 2668 custodiae,
778 2603 948 2654 donec
986 2602 1099 2654 dies
1135 2602 1340 2654 reditus
1381 2602 1636 2668 elabatur,
1680 2612 1744 2654 ut
1785 2604 1926 2655 facta
1967 2604 2324 2672 promissione

336 2706 446 2740 non
469 2688 710 2740 videatur
734 2687 873 2738 ultra
896 2686 1066 2737 teneri
1090 2686 1158 2737 ad
1184 2686 1518 2738 solvendum.
1595 2686 1839 2738 Sustinet
1861 2687 1968 2752 ille,
1988 2687 2075 2740 vel
2099 2688 2323 2741 evadere

338 2791 465 2824 casu
490 2789 706 2840 sperans
724 2771 811 2822 vel
829 2770 1001 2838 aliqua
1017 2769 1414 2838 dispensatione
1430 2769 1646 2834 dimitti,
1667 2771 1837 2823 donec
1855 2770 1997 2822 diem
2015 2772 2324 2840 proximum

340 2859 502 2922 videt,
522 2866 577 2910 et
599 2865 729 2909 tunc
755 2857 1042 2924 desperans
1067 2855 1125 2906 in
1141 2853 1519 2907 adinventione
1539 2853 1670 2906 exiit
1688 2855 1967 2920 mendacii,
1990 2857 2324 2927 spondetque

343 2942 634 2994 certissime
657 2940 1016 3005 residentiam,
1042 2939 1334 2991 dummodo
1373 2937 1475 2989 sibi
1520 2938 1797 2990 solvantur
1835 2939 2087 3008 pollicita.
2162 2941 2327 2995 Liber

344 3027 503 3095 igitur
527 3026 594 3077 ad
619 3025 860 3077 omnium
885 3024 995 3076 exit
1016 3023 1202 3075 laudes
1246 3030 1301 3074 et
1338 3021 1547 3091 gaudia,
1590 3029 1853 3092 nocteque
1899 3023 2144 3092 sequenti
2181 3025 2325 3076 viam

347 3109 543 3178 arripit,
567 3117 919 3178 properatque
943 3108 1073 3160 totis
1097 3107 1299 3160 viribus
1325 3124 1394 3158 ne
1420 3106 1785 3159 committatur
1811 3105 1973 3158 obses
1990 3106 2250 3172 amabiliS,
2270 3116 2326 3160 et

348 3209 445 3261 pro
469 3200 708 3260 tempore
734 3192 1064 3262 singulariter
1083 3199 1138 3244 et
1160 3191 1215 3243 in
1244 3208 1429 3243 mense
1466 3189 1716 3242 terribilis
1743 3190 2125 3258 expectabatur
2149 3209 2180 3241 a
2202 3209 2325 3260 rege

353 3294 450 3329 suo
476 3284 531 3329 et
554 3276 619 3328 ab
637 3277 899 3330 ultoribus
926 3277 1291 3347 expetebatur.
1349 3276 1594 3345 Cumque
1619 3276 1790 3328 factus
1815 3281 1959 3327 esset
1982 3291 2077 3327 rex
2106 3274 2243 3327 clam
2267 3276 2325 3329 in
