2638 3860
352 351 421 397 56
1077 352 1388 389 GUALTERI
1427 351 1627 388 MAPEs
2050 352 2247 402 [Distine.
2270 351 2307 390 Ι.

355 487 572 540 Hebraei
615 484 952 538 Pontiniaci>¹<
996 479 1195 532 multos
1236 478 1471 528 fecerant
1509 494 1576 528 ex
1618 474 1824 544 magnis
1869 476 2044 544 porcis
2083 476 2332 539 baconeS‚

351 590 485 641 quos
525 572 626 622 alio
669 568 884 621 nomine
926 571 1209 634 petasones
1245 561 1489 625 dicimuS,
1528 560 1881 628 venditosque
1918 568 1981 612 ut
2024 562 2330 630 depositum

350 655 652 707 habuerunt
684 669 848 722 penes
876 668 932 701 se
959 649 1127 700 donec
1152 645 1347 698 reverti
1372 653 1598 713 possent
1622 652 1942 696 mercatores
1967 645 2105 714 bigis
2131 646 2329 696 adduc-

350 739 419 790 tis
445 746 506 788 ut
530 737 932 788 abducerentur.
1007 731 1316 782 Redeuntes
1342 746 1470 781 vero
1497 747 1619 781 cum
1638 728 1775 797 bigis
1810 729 2029 781 eosdem
2055 736 2111 781 et
2135 747 2331 781 eorun-

347 822 469 873 dem
493 821 811 872 invenerunt
835 825 1153 886 petasonum
1181 831 1415 877 acerVOS,
1442 820 1497 864 et
1521 830 1806 865 numerum
1832 831 2040 878 sanum,
2073 814 2167 866 sed
2193 831 2329 882 quos

345 904 725 974 pinguissimos
767 903 1124 970 deposuerant
1155 915 1361 949 macros
1387 897 1562 948 mirati
1589 903 1716 948 sunt
1740 904 1794 949 et
1820 897 2013 966 pellem
2038 897 2328 949 habentem

345 989 574 1042 ossibUS.
651 987 919 1039 Comitem
966 985 1128 1054 igitur
1176 983 1599 1046 Nevernensem,
1648 982 1802 1050 cujus
1851 981 1927 1033 ibi
1975 982 2182 1050 gladius
2227 990 2328 1046 est,

342 1074 559 1137 adeunt,
599 1073 690 1142 qui
715 1071 935 1124 veniens
977 1089 1007 1121 a
1026 1076 1242 1139 pastore
1285 1068 1517 1137 quodam
1552 1067 1738 1119 didicit
1764 1067 1909 1136 quod
1937 1067 2157 1120 Hebr'aei
2183 1086 2330 1120 com-

344 1165 649 1227 presserant
694 1157 752 1208 in
790 1155 1039 1208 torculari
1078 1154 1308 1205 bacones
1348 1171 1517 1221 usque
1558 1154 1625 1203 ad
1665 1152 2008 1205 emissionem
2053 1153 2221 1205 totius
2262 1171 2329 1205 ex

341 1244 490 1295 lardo
518 1241 805 1310 sanguiniS,
840 1248 894 1292 et
918 1240 972 1291 in
999 1239 1152 1290 doliis
1178 1236 1331 1288 novis
1359 1236 1713 1305 signaverant,
1751 1237 1807 1288 in
1851 1236 2046 1304 quibus
2083 1238 2326 1289 nondum

345 1327 626 1396 quicquam
651 1325 763 1377 vini
793 1324 1030 1393 positum
1055 1324 1240 1374 fuerat.
1317 1322 1668 1390 Deprehensa
1694 1329 1777 1373 est
1801 1322 1904 1372 hoc
1928 1321 2123 1373 veritas
2150 1341 2327 1374 coram

345 1412 534 1464 abbate
572 1410 924 1478 fratribusque
958 1407 1207 1470 inclusis;
1247 1405 1461 1458 erubuit
1501 1424 1680 1458 comes
1719 1413 1775 1458 et
1811 1405 2204 1458 abhorruerunt
2245 1406 2328 1457 sui

345 1496 535 1548 modo:

665 1590 745 1630 Die
764 1590 953 1640 aliquem,
975 1589 1092 1628 sodes
1111 1588 1177 1627 hic
1198 1588 1465 1636 Quintiliane,
1487 1589 1687 1628 colorem:

663 1656 929 1703 Haeremus.†

342 1754 540 1806 Dicant
577 1753 712 1824 ipsi3
752 1753 1019 1820 dompnus
1069 1749 1233 1803 abbas
1276 1750 1476 1816 intulit,
1516 1751 1721 1803 “Nihil
1763 1752 1830 1803 ad
1879 1771 1978 1805 nos
2028 1752 2329 1817 interioreS,

341 1846 516 1890 totum
552 1839 656 1890 hoc
700 1838 813 1889 sine
856 1844 1044 1888 nostra
1082 1837 1283 1888 factum
1323 1844 1406 1887 est
1445 1837 1801 1900 conscientia,
1854 1837 2035 1889 idiotae
2079 1839 2328 1890 forinseci
2380 1838 2384 1842 ⁷

340 1942 437 1992 per
473 1923 824 1992 ignorantiam
865 1921 1217 1989 deliquerunt,
1244 1928 1299 1972 et
1322 1921 1705 1989 vapulabunt.''
1780 1923 1922 1974 Ecce
1950 1942 2109 1993 quam
2137 1924 2328 1975 decen-

340 2016 422 2059 ter
446 2006 683 2058 excusati
708 2013 850 2057 sunt.
927 2005 1085 2056 Certe
1119 2024 1227 2058 non
1258 2006 1416 2058 nobis
1442 2006 1740 2075 ignorantia
1764 2009 1977 2060 videtur
2000 2010 2104 2061 hoc
2129 2017 2326 2073 actum,

341 2093 436 2144 sed
485 2092 653 2143 multa
695 2091 820 2142 mali
863 2090 1100 2153 scientia,
1144 2099 1199 2143 et
1258 2091 1424 2142 idiota
1468 2092 1780 2144 maledictus
1831 2093 1898 2144 ad
1948 2094 2086 2144 mala
2133 2094 2328 2162 procli-

341 2176 472 2229 vior.
559 2175 919 2228 Excusatione
969 2183 1149 2227 tamen
1199 2177 1454 2245 praedicta
1518 2195 1574 2228 se
1635 2184 1857 2227 tuentur
1906 2177 2214 2230 claustrales
2259 2179 2325 2230 de

340 2260 565 2330 negotiis
616 2260 706 2329 qui
755 2260 882 2311 foris
932 2260 1276 2329 prodigaliter
1317 2262 1475 2324 fiunt,
1523 2261 1899 2330 inponuntque
1940 2261 2194 2313 fratribus
2236 2262 2327 2330 qui

341 2346 455 2398 sine
503 2345 634 2415 ipsis
684 2344 818 2396 nihil
866 2354 1095 2413 possunt
1137 2347 1325 2399 facere.
1400 2347 1635 2398 Videant
1676 2344 1837 2413 igitur
1877 2344 2096 2397 abbates
2142 2365 2327 2398 casum

341 2432 463 2501 Ely,
502 2431 591 2499 qui
628 2430 765 2482 filios
803 2448 914 2481 non
953 2430 1247 2499 corripiunt
1280 2450 1378 2483 nec
1417 2429 1704 2498 corrigunt,
1743 2429 1838 2480 sed
1865 2428 2075 2481 silentio
2102 2448 2327 2482 consen-

338 2516 497 2580 tiunt,
524 2524 578 2568 et
603 2533 868 2591 consensu
893 2514 1113 2567 incitare
1139 2517 1405 2568 videntur.
1487 2514 1741 2567 Similiter
1765 2513 1822 2564 in
1849 2514 2100 2565 omnibus
2120 2515 2328 2583 praedo-

338 2621 469 2652 num
522 2602 707 2654 castris
742 2592 821 2665 fit,
861 2601 983 2669 quia
1019 2601 1235 2670 quidam
1288 2601 1435 2653 domi
1486 2600 1740 2662 resident,
1779 2598 1995 2666 quidam
2038 2598 2095 2649 in
2146 2600 2327 2667 praeda

339 2686 555 2751 abeunt,
590 2686 684 2737 sed
726 2703 837 2737 non
882 2686 1139 2737 mentitur
1165 2686 1343 2737 David
1370 2685 1460 2754 qui
1495 2686 1646 2753 justo
1685 2683 1887 2752 judicio
1929 2682 2140 2746 diffinit,
2181 2684 2326 2752 quod

338 2790 489 2841 aequa
514 2777 597 2822 est
621 2788 743 2838 pars
769 2770 1143 2822 descendentis
1168 2771 1225 2821 in
1251 2770 1494 2839 praelium
1522 2776 1577 2820 et
1600 2766 1924 2819 remanentis
1951 2766 2018 2816 ad
2045 2766 2325 2834 sarcinam:

339 2856 409 2907 Vi
434 2855 676 2924 nunquid
699 2854 825 2907 licet
851 2854 1221 2906 claustralibus
1256 2855 1449 2908 clausis
1476 2854 1643 2906 oculis
1670 2852 1888 2915 exiberi,
1927 2859 1982 2903 et
2008 2850 2053 2902 si
2085 2851 2325 2905 balatum

340 2940 602 2992 audierint
625 2939 783 3003 haedi,
822 2957 1003 2991 nonne
1029 2957 1151 2991 cum
1184 2940 1354 2992 Tobia
1381 2940 1665 2992 dicendum
1691 2944 1790 3000 est,
1824 2936 1946 2989 vide
1986 2953 2054 2987 ne
2098 2937 2326 2990 furtivus

393 3106 418 3132 *
465 3107 679 3159 Pontigny,
735 3121 758 3146 a
808 3107 1034 3147 Cistercian
1081 3108 1211 3159 abbey
1257 3108 1300 3146 in
1411 3109 1428 3158 ‡
1462 3111 1480 3146 1
1506 3108 1607 3158 Reg.
1631 3106 1689 3159 (l.
1713 3104 1839 3156 Sam.)
1859 3117 1953 3144 xxx.
1977 3106 2044 3143 24.
2066 3105 2203 3155 AEqua
2222 3103 2330 3143 enim

341 3172 507 3220 France,
536 3175 579 3212 in
599 3175 667 3213 the
689 3175 848 3214 diocese
869 3175 914 3213 of
930 3175 1127 3214 Auxerre.
1356 3189 1451 3227 pars
1471 3176 1548 3215 erit
1568 3174 1850 3214 descendentis
1869 3174 1919 3212 ad
1939 3172 2126 3224 praelium
2141 3175 2183 3209 et
2198 3182 2331 3209 rema-

394 3245 426 3288 †
454 3239 636 3278 Juvenal.
659 3242 741 3280 Sat.
762 3242 815 3280 vi.
836 3243 918 3280 line
939 3244 1033 3281 280.
1090 3243 1178 3282 The
1205 3243 1301 3283 MS.
1358 3243 1494 3283 nentis
1514 3243 1565 3283 ad
1584 3242 1776 3290 sarcinas,
1798 3244 1839 3280 et
1859 3240 2046 3280 similiter
2065 3237 2262 3277 divident.

341 3305 457 3344 reads
476 3308 691 3358 corruptly‚
718 3310 798 3348 Dic
816 3309 1139 3366 sodes-aliquem,
1162 3311 1244 3351 dic.
