2638 3860
295 357 397 408 cap.
419 356 480 407 v.]
919 358 996 392 DE
1038 358 1222 397 Noels
1264 359 1638 394 CURIALIUM.
2172 347 2276 393 219

267 515 448 549 comes
497 497 808 567 Campaniae
847 497 1152 550 Tenbaldus
1199 499 1456 552 adversus
1498 519 1623 552 eum
1665 500 1969 569 principum
2009 498 2276 568 princepS,

267 582 319 633 in
359 584 545 635 multis
573 603 696 635 eum
723 584 974 636 vincebat
1017 586 1411 654 congressibuS,
1447 594 1502 638 et
1540 586 1741 655 majora
1777 585 2080 637 merebatur
2105 584 2276 636 indies

266 669 406 721 odia.
484 670 723 722 Favebat
756 678 936 722 autem
965 671 1149 722 comiti
1180 672 1459 723 Romanus
1510 672 1819 741 imperator,
1861 679 1916 723 et
1952 670 2170 723 fovebat
2209 671 2275 721 ad

265 755 466 809 bellum
492 757 747 827 regnique
788 757 950 808 simul
990 758 1279 827 principes.
1358 758 1608 828 Cumque
1642 759 1756 828 jam
1790 758 2064 811 videretur
2094 757 2275 810 Lodo-

265 843 416 894 vicus
453 843 508 895 in
548 862 738 912 guerra
777 843 1038 912 superior,
1078 863 1108 896 a
1154 846 1524 896 Romanorum
1565 845 1887 914 imperatore
1923 852 2186 898 venerunt
2210 843 2277 894 ad

267 948 392 981 eum
438 929 620 980 nuncii
667 928 940 980 dicentes:
982 931 1016 957 ‘⁶
1042 929 1276 981 Mandat
1319 929 1418 981 tibi
1464 930 1836 981 Romanorum
1884 929 2174 998 imperator
2224 937 2278 980 et

267 1014 530 1083 praecipit,
558 1014 699 1066 sicut
735 1014 802 1066 de
845 1014 995 1084 regni
1039 1015 1122 1066 tui
1169 1023 1314 1067 statu
1357 1015 1678 1084 propriaque
1718 1015 1886 1067 salute
1921 1015 2151 1084 gaudere
2176 1013 2276 1076 viS,

269 1100 525 1168 quatinus
563 1100 703 1151 infra
741 1119 982 1152 mensem
1022 1101 1168 1153 hunc
1209 1119 1396 1170 pacem
1432 1108 1486 1152 et
1526 1101 1700 1152 foedus
1742 1101 1891 1153 ineas
1930 1120 2052 1153 cum
2079 1099 2274 1152 comite

269 1185 544 1238 Teobaldo
571 1187 788 1255 penitus
816 1186 882 1237 ad
910 1187 1024 1255 ejus
1052 1187 1389 1238 voluntatem
1417 1194 1472 1238 et
1495 1187 1790 1248 honorem3
1830 1189 1913 1239 sin
1940 1195 2137 1251 autem,
2179 1186 2276 1237 Pa-

270 1271 429 1322 risius
471 1281 595 1323 ante
632 1291 875 1324 mensem
911 1273 1155 1342 elapsum
1196 1273 1480 1324 obsidione
1519 1272 1712 1342 cinget,
1758 1281 1813 1325 et
1850 1281 1904 1324 te
1944 1273 2188 1335 interius,
2230 1272 2273 1322 si

269 1358 553 1409 temerario
602 1359 1010 1427 praesumpseris
1063 1378 1199 1410 ausu
1248 1358 1634 1428 praestolari.'’⁴
1677 1359 1980 1428 Respondit
2025 1359 2101 1411 eis
2150 1375 2273 1409 rex:

272 1446 306 1471 ‘⁶
340 1445 551 1510 prrut
586 1444 882 1495 Aleman!”
957 1444 1091 1495 Haec
1130 1452 1310 1496 autem
1346 1443 1597 1496 omnibus
1640 1443 1953 1495 Alemannis
1997 1443 2275 1512 responsio

272 1530 588 1599 gravissima
635 1531 849 1582 videtur
910 1531 1103 1593 adhuc,
1155 1538 1210 1582 et
1259 1539 1479 1599 propter
1529 1530 1844 1599 hujusmodi
1894 1529 2278 1600 improperium

274 1614 459 1665 multae
494 1615 801 1684 frequenter
828 1615 968 1666 inter
994 1633 1086 1666 eos
1114 1622 1169 1666 et
1196 1615 1398 1666 alienos
1426 1614 1554 1666 rixae
1580 1614 1736 1667 fiunt.
1804 1615 1938 1666 Haec
1959 1614 2090 1665 mihi
2109 1614 2279 1666 securi

274 1701 449 1751 cordis
491 1709 545 1752 et
583 1701 721 1753 bene
764 1701 1050 1753 residentis
1092 1701 1257 1752 animi
1301 1701 1466 1752 fuisse
1493 1701 1724 1752 videtur.
1805 1700 1965 1764 Item,
1992 1719 2114 1751 cum
2140 1700 2279 1752 inter

274 1785 418 1837 hunc
436 1795 490 1838 et
504 1786 837 1838 Teobaldum
860 1796 1043 1839 essent
1058 1787 1354 1839 inimicitiae
1380 1786 1651 1851 mortales,
1673 1789 1710 1838 i.
1731 1805 1772 1838 e.
1796 1786 1863 1837 ad
1885 1795 2113 1838 mortem
2142 1785 2281 1855 peri-

275 1872 491 1935 culosae,
532 1872 626 1923 sed
658 1881 713 1924 et
745 1872 1077 1924 immortales
1114 1873 1239 1942 quia
1273 1880 1567 1941 perpetuae,
1609 1890 1720 1923 non
1761 1879 1844 1923 est
1884 1890 1915 1922 a
1949 1871 2279 1940 sapientibus

273 1958 494 2009 inventa
534 1957 620 2009 via
663 1958 828 2027 pacis.
908 1958 1015 2010 Sed
1056 1957 1348 2021 Dominus,
1376 1957 1468 2026 qui
1506 1957 1721 2026 quando
1766 1958 1883 2009 vult
1926 1965 1981 2009 et
2024 1966 2283 2026 quantum

275 2044 507 2112 flagellat
562 2044 701 2095 filios
764 2063 899 2113 quos
949 2044 1158 2113 recipit,
1217 2044 1384 2095 furori
1449 2044 1661 2095 frenum
1726 2044 1896 2096 facete
1946 2044 2130 2113 posuit
2193 2044 2285 2096 sic.

277 2129 655 2181 Absconderat
695 2148 752 2180 se
785 2148 877 2180 rex
905 2139 1028 2180 ante
1058 2130 1359 2181 Carnotum
1384 2129 1438 2180 in
1480 2148 1699 2182 nemore
1738 2138 1864 2181 cum
1911 2130 2081 2181 multa
2123 2149 2286 2180 manu

277 2212 508 2263 militum
537 2220 755 2274 armata,
785 2213 1036 2280 quatinus
1073 2213 1252 2264 missis
1280 2214 1725 2282 provocatoribus
1754 2214 2042 2283 improvidi
2073 2224 2286 2266 ruerent

276 2301 333 2351 in
359 2300 540 2370 ipsum
566 2299 769 2350 inimici
791 2299 1171 2363 CarnotenseS,
1199 2308 1253 2350 et
1279 2317 1400 2350 ecce
1421 2317 1602 2351 comes
1628 2299 1934 2351 Teobaldus
1962 2299 2063 2351 iter
2083 2300 2281 2352 faciens

280 2387 409 2456 quid
436 2386 575 2437 fierit
600 2386 847 2436 incautus
865 2385 998 2436 tutis
1026 2385 1296 2436 tutissime
1309 2385 1469 2454 juxta
1495 2403 1673 2454 regem
1701 2384 2024 2454 praeteribat.
2078 2385 2282 2437 Videns

278 2473 440 2542 igitur
466 2491 589 2524 eum
616 2490 708 2524 rex
738 2472 924 2522 datum
950 2471 1007 2522 in
1035 2490 1224 2544 manus
1253 2489 1395 2534 suas,
1423 2479 1636 2522 tantum
1665 2489 1976 2522 successum
2004 2470 2129 2522 inde
2154 2470 2284 2522 levi-

279 2560 540 2629 pendenS,
577 2559 720 2627 quod
758 2558 1038 2610 casualiter
1076 2566 1130 2609 et
1167 2556 1370 2626 absque
1396 2556 1614 2625 negotio
1641 2556 1996 2625 provenisset,
2024 2555 2285 2608 abstinuit

278 2654 332 2698 et
358 2663 453 2714 per
479 2645 704 2696 nuncios
732 2644 1027 2713 castigavit,
1050 2654 1110 2695 ut
1136 2652 1286 2694 tutus
1309 2661 1573 2711 nusquam
1594 2641 1867 2693 incederet
1887 2642 2016 2693 dum
2036 2642 2282 2694 inimicos

277 2730 517 2793 haberet,
557 2738 611 2780 et
654 2729 799 2781 abire
843 2729 1072 2780 liberum
1122 2727 1383 2796 permisit.
1460 2727 1639 2781 Quem
1688 2745 1799 2778 non
1837 2734 2025 2796 posset
2073 2726 2284 2779 flectere

279 2817 469 2878 victor,
496 2815 695 2883 pietate
723 2814 897 2865 victus
925 2821 979 2865 et
1004 2813 1177 2864 hostis
1205 2812 1534 2881 benignitate
1562 2821 1731 2881 pater.
1809 2812 1951 2864 Item
1979 2812 2204 2882 contigit
2224 2819 2284 2862 ut

282 2901 525 2952 venisset
565 2918 654 2950 rex
711 2899 913 2950 Blesim
973 2917 1095 2950 cum
1141 2898 1378 2949 exercitu
1417 2897 1621 2966 grandi,
1660 2915 1888 2966 cumque
1933 2907 2286 2967 praeparasset

282 2985 557 3038 machinas
603 2985 669 3036 ad
711 3003 894 3036 muros
941 2985 1008 3035 ad
1057 2985 1340 3043 assultum,
1381 2984 1588 3052 equites
1638 2983 1948 3035 incensores
1999 2984 2064 3035 ad
2117 2984 2284 3048 vicos,

281 3073 486 3125 audivit
512 3072 763 3124 comitem
791 3072 1016 3123 interius
1044 3089 1161 3122 esse
1189 3090 1309 3122 cum
1350 3069 1553 3139 pauciS,
1581 3078 1635 3121 et
1676 3070 1971 3122 secundum
2013 3088 2129 3122 esse
2171 3090 2282 3124 suae

284 3158 601 3211 minutionis
621 3158 816 3209 ὀίεαι*
888 3157 1171 3208 Attollitur
1194 3156 1322 3207 hinc
1347 3155 1473 3207 inde
1500 3174 1759 3220 murmur,
1780 3163 1842 3207 ut
1867 3155 2148 3208 obsidione
2175 3175 2285 3208 cer-

285 3245 497 3297 tissima
547 3244 791 3312 cingatur
839 3243 1013 3294 hostis
1064 3242 1414 3310 interceptuS.
1506 3242 1622 3292 Rex
1673 3249 1850 3293 autern
1901 3241 2054 3294 aliter
2105 3244 2283 3304 sentit,

312 3349 336 3373 ²*
364 3347 452 3386 The
473 3345 622 3385 second
642 3345 718 3396 day
739 3343 785 3383 of
801 3344 864 3382 his
884 3343 1005 3394 being
1024 3342 1117 3381 bled
1135 3356 1145 3388 ;
1175 3342 1345 3381 minutio
1364 3354 1444 3380 was
1463 3342 1533 3380 the
1552 3341 1750 3380 medieval
1765 3346 1868 3380 term
1885 3342 1948 3381 for
1965 3342 2113 3394 letting
2131 3342 2267 3382 blood.
