2638 3860
397 389 500 434 200
1120 395 1430 430 GUALTERI
1462 394 1660 428 MAPEs
2088 394 2283 443 [Distine.
2306 394 2358 432 V.

397 546 515 590 tum
549 556 605 590 86
631 537 740 605 regi
773 534 1007 587 exhibet.
1085 533 1330 601 Cumque
1356 551 1534 601 regern
1572 532 1792 594 nesciat,
1820 549 1943 582 cum
1975 537 2125 583 tanta
2150 533 2385 602 plenitu-

400 623 522 675 dine
537 622 731 690 regiam
747 618 1010 687 impendit
1025 618 1395 682 reverentiam,
1416 635 1473 669 se
1491 617 1717 685 despicit
1733 623 1785 668 et
1803 615 2076 684 aspicitur,
2095 635 2150 668 se
2167 618 2388 686 negligit

399 717 454 761 et
478 707 702 775 eligitur,
737 723 792 755 86
830 722 939 755 non
977 703 1226 771 intelligit
1266 710 1320 754 et
1359 702 1690 769 intelligitur,
1735 719 1846 753 non
1887 701 2035 769 cupit
2072 710 2166 752 aut
2191 711 2385 770 sperat,

398 810 507 843 non
532 807 684 842 avare
706 788 884 850 servit,
905 806 1015 839 non
1040 787 1097 838 in
1124 795 1313 850 tramo,
1340 795 1403 837 ut
1429 787 1559 855 quid
1582 786 1792 848 referat,
1813 792 1989 836 totum
2018 803 2074 836 se
2099 785 2386 838 liberaliter

395 873 658 943 impendit
672 893 687 937 3
726 880 780 923 et
816 879 1000 940 aperto
1027 871 1186 923 corde
1214 872 1446 923 decurrit
1471 890 1580 923 non
1611 880 1674 922 ut
1699 871 1898 922 emolat
1935 878 2029 922 aut
2052 871 2305 935 lucretur,
2331 880 2385 923 et

396 960 452 1012 in
478 959 900 1010 emolumentum
946 965 1000 1008 et
1036 957 1244 1009 lucrum
1276 957 1524 1009 incautus
1568 957 1822 1008 illabitur.
1900 956 2128 1025 Capitur
2170 956 2226 1007 in
2270 958 2385 1025 ejus

396 1063 556 1113 opera
579 1061 690 1106 rex,
716 1051 770 1095 et
795 1043 1016 1111 adoptat
1045 1043 1098 1093 in
1127 1043 1423 1111 proprium,
1453 1051 1512 1093 ut
1538 1042 1821 1110 praesidem
1842 1060 1967 1093 eum
1994 1041 2200 1110 magnis
2227 1042 2386 1093 faciat

394 1130 605 1199 opibus.
647 1128 754 1180 Hic
779 1147 896 1179 mos
924 1136 1006 1180 est
1029 1135 1092 1179 ut
1117 1146 1222 1196 quo
1250 1129 1368 1197 quis
1394 1129 1614 1179 hamum
1637 1127 2012 1179 sollicitudinis
2039 1127 2193 1178 avida
2218 1127 2386 1178 mittit

394 1214 626 1266 versutia
659 1232 769 1265 non
795 1213 1040 1276 aduncet,
1067 1220 1122 1264 et
1155 1213 1424 1264 instantiae
1465 1213 1694 1281 simplici
1721 1213 1786 1264 de
1836 1213 1968 1264 coelo
2008 1213 2159 1281 pluat
2196 1231 2261 1264 ex
2301 1212 2384 1263 in-

397 1306 606 1368 sperato
631 1299 813 1367 gratia.
886 1299 1003 1350 Rex
1029 1298 1191 1361 enirn,
1217 1299 1341 1350 licet
1359 1298 1415 1349 in
1442 1299 1557 1349 aliis
1583 1298 1768 1361 hebes,
1796 1297 1975 1348 omnia
2000 1305 2169 1359 notat,
2197 1297 2382 1360 ebibit,

396 1393 451 1436 et
475 1391 731 1452 acceptat,
765 1391 820 1435 et
843 1383 968 1435 licet
991 1383 1107 1452 ipse
1145 1383 1293 1452 piger
1330 1384 1520 1452 agilem
1549 1383 1605 1434 in
1643 1383 1734 1434 illo
1762 1401 1942 1434 curam
1967 1390 2385 1451 promptumque

394 1469 587 1538 probat
622 1469 974 1532 famulatum3
1008 1476 1071 1519 ut
1095 1467 1252 1520 multi
1288 1469 1510 1519 laudant
1535 1468 1680 1536 quod
1716 1467 1915 1519 imitari
1939 1486 2049 1518 non
2076 1476 2384 1536 properant.

393 1553 541 1605 Tulit
566 1571 688 1620 ergo
708 1553 887 1621 ipsum
912 1571 1004 1604 rex
1024 1552 1076 1603 in
1106 1553 1401 1603 thalamum
1420 1571 1596 1616 suum,
1613 1560 1668 1604 et
1691 1570 1948 1621 processu
1973 1552 2231 1620 temporis
2258 1552 2384 1603 sub-

393 1639 600 1690 limavit
638 1656 796 1706 super
822 1656 1008 1689 omnes
1035 1637 1304 1707 principes
1330 1637 1497 1706 regni,
1523 1646 1578 1688 et
1603 1655 1726 1688 cum
1751 1636 1964 1705 cingulo
1991 1636 2194 1688 militiae
2220 1637 2386 1688 comi-

394 1732 565 1776 tatum
591 1723 639 1775 ei
663 1723 1017 1775 Gloucestriae
1046 1723 1290 1774 contulit.
1343 1723 1469 1791 Ipse
1485 1740 1612 1774 vero
1637 1721 1945 1790 pererrabat
1970 1739 2157 1773 omnes
2175 1721 2383 1790 Angliae

394 1818 600 1878 portus,
625 1816 743 1860 tum
767 1817 906 1860 terra
931 1817 1047 1859 tum
1075 1809 1226 1871 mari,
1266 1809 1464 1877 piratas
1504 1826 1691 1858 omnes
1720 1807 2020 1871 destruens,
2060 1814 2114 1858 et
2138 1808 2277 1858 facta
2302 1815 2386 1860 est

393 1894 584 1962 Anglia
607 1911 703 1962 per
729 1893 843 1960 ejus
871 1910 1087 1960 operam
1113 1892 1275 1943 timor
1301 1893 1543 1943 omnium
1581 1891 2073 1960 circumjacentium
2103 1899 2381 1955 terrarum,

397 1997 514 2048 quae
550 1979 721 2029 fuerat
746 1995 927 2028 earum
966 1977 1192 2045 direptio
1220 1984 1274 2027 et
1298 1977 1492 2044 praeda.
1569 1976 1790 2030 Quievit
1813 1976 1974 2045 igitur
2008 1983 2062 2028 et
2086 1977 2384 2044 respiravit,

397 2072 451 2117 et
475 2064 590 2133 ipse
617 2080 795 2114 comes
815 2062 960 2130 pacis
988 2069 1042 2113 et
1067 2062 1260 2131 quietis
1297 2062 1603 2130 impatienS,
1628 2070 1744 2113 toto
1764 2070 1980 2131 pectore
2000 2062 2174 2113 fluens
2201 2080 2381 2114 amore

395 2149 537 2212 belli,
586 2148 642 2198 in
691 2146 1056 2198 transmarinis
1101 2146 1264 2197 tantis
1307 2154 1523 2215 tamque
1571 2145 1878 2215 longinquis
1929 2140 2250 2197 exercitatus
2300 2157 2384 2199 est

395 2233 610 2304 praeliiS,
647 2240 710 2283 ut
746 2239 856 2282 tam
902 2231 1202 2283 Sarracenis
1253 2250 1410 2300 quarn
1462 2230 1783 2282 Christianis
1834 2238 1976 2283 esset
2025 2248 2224 2282 nomen
2267 2232 2383 2301 ejus

393 2317 752 2380 notissimum,
779 2324 833 2367 et
857 2316 1286 2385 incomparabilis
1313 2316 1511 2385 ubique
1546 2316 1703 2368 fama.
1779 2317 2068 2384 Repletum
2107 2303 2191 2368 est
2218 2316 2382 2385 igitur

393 2404 449 2455 in
474 2402 650 2455 reditu
670 2420 767 2453 suo
792 2401 978 2453 laetitia
1002 2419 1242 2470 regnum.
1321 2401 1591 2470 Quicquid
1617 2401 1761 2452 enim
1788 2401 2132 2466 affabilitatis,
2159 2402 2383 2467 facetiae,

393 2487 666 2558 largitatiS,
693 2506 723 2538 a
748 2487 936 2555 quovis
962 2487 1130 2538 nobili
1155 2487 1240 2539 vel
1265 2487 1426 2538 etiam
1464 2487 1600 2555 regis
1626 2486 1736 2538 filio
1761 2488 1897 2539 solet
1916 2495 2008 2538 aut
2027 2488 2176 2556 juste
2200 2495 2384 2556 potest

395 2573 589 2642 expeti,
609 2579 785 2624 totum
807 2571 1057 2623 omnibus
1077 2572 1343 2624 hilaritate
1364 2573 1523 2641 plena
1541 2572 1761 2625 bubulci
1781 2573 1921 2624 filius
1942 2573 2178 2625 exhibet.
2218 2573 2383 2626 Quod

396 2660 609 2728 quidem
639 2676 701 2709 eo
721 2658 934 2709 videtur
958 2657 1269 2723 mirabilius,
1297 2676 1401 2727 quo
1428 2658 1653 2728 contigit
1676 2659 2018 2728 insperatius,
2077 2658 2215 2711 Quis
2242 2658 2386 2709 enim

394 2744 653 2795 rusticum
690 2742 1000 2794 rusticitatis
1031 2751 1304 2812 expertem
1340 2744 1595 2808 crederet,
1634 2751 1690 2795 et
1727 2751 1880 2795 tanto
1913 2744 2176 2795 virtutum
2220 2744 2384 2796 odore

395 2829 694 2897 praecluem.
770 2829 899 2880 Non
940 2828 1059 2879 dico
1096 2828 1271 2880 virum
1312 2828 1535 2893 bonum,
1563 2830 1657 2880 sed
1693 2828 1926 2898 probum
1964 2836 2019 2881 et
2056 2828 2383 2898 improbum,

394 2913 760 2982 generositatis
788 2921 871 2965 est
895 2913 1002 2965 filia
1025 2913 1258 2977 bonitas,
1285 2914 1437 2982 cujus
1463 2913 1659 2965 habere
1687 2932 1952 2965 summam
1979 2914 2265 2982 degeneres
2292 2914 2385 2965 dat

397 2999 652 3066 sapientia
671 3019 686 3063 3
724 2999 962 3068 probitas
1003 3006 1182 3050 autem
1219 3006 1328 3049 tam
1368 3006 1451 3050 est
1483 2998 1614 3050 boni
1651 3018 1811 3068 quam
1850 2998 1994 3063 mali,
2030 2999 2244 3050 bonitas
2270 3017 2383 3050 non

396 3082 500 3133 nisi
536 3082 772 3149 bonum3
816 3083 1056 3152 probitas
1105 3091 1394 3152 utrumque
1443 3083 1587 3136 facit.
1670 3084 1834 3135 Hunc
1884 3091 2063 3136 autem
2107 3101 2218 3135 non
2263 3084 2383 3136 dico

396 3166 617 3231 bonum,
638 3169 759 3236 quia
785 3170 1098 3238 degenerem
1116 3169 1244 3232 sci0,
1272 3169 1366 3220 sed
1381 3169 1631 3238 probum,
1658 3170 1781 3238 quia
1798 3177 2048 3221 strenuus
2068 3169 2126 3220 in
2145 3169 2382 3238 agendiS‚

398 3250 568 3301 audax
591 3251 646 3302 in
670 3253 936 3320 periculiS,
970 3255 1026 3305 in
1053 3272 1207 3306 casus
1244 3253 1491 3307 involans
1525 3261 1778 3307 executor
1813 3254 2068 3319 invictuS,
2095 3253 2381 3305 dubiorum
