<?xml version="1.0" encoding="UTF-8"?>
<!DOCTYPE html PUBLIC "-//W3C//DTD XHTML 1.0 Transitional//EN"
    "http://www.w3.org/TR/xhtml1/DTD/xhtml1-transitional.dtd">
<html xmlns="http://www.w3.org/1999/xhtml" xml:lang="en" lang="en">
 <head>
  <title>
</title>
<meta http-equiv="Content-Type" content="text/html;charset=utf-8" />
  <meta name='ocr-system' content='tesseract 3.04.00' />
  <meta name='ocr-capabilities' content='ocr_page ocr_carea ocr_par ocr_line ocrx_word'/>
</head>
<body>
  <div class='ocr_page' id='page_1' title='image "./gualterimapes00camduoft/gualterimapes00camduoft_0196.png"; bbox 0 0 2638 3860; ppageno 0'>
   <div class='ocr_carea' id='block_1_1' title="bbox 378 405 2329 465">
    <p class='ocr_par' dir='ltr' id='par_1_1' title="bbox 378 405 2329 465">
     <span class='ocr_line' id='line_1_1' title="bbox 378 405 2329 465; baseline -0.002 -12"><span class='ocrx_word' id='word_1_1' title='bbox 378 405 476 465; x_wconf 90' lang='lat'>176</span> <span class='ocrx_word' id='word_1_2' title='bbox 1090 418 1400 454; x_wconf 72' lang='lat' dir='ltr'><strong>GUALTEm</strong></span> <span class='ocrx_word' id='word_1_3' title='bbox 1431 415 1632 451; x_wconf 74' lang='lat' dir='ltr'>MAPEs</span> <span class='ocrx_word' id='word_1_4' title='bbox 2027 413 2220 464; x_wconf 78' lang='lat' dir='ltr'>[Distinc.</span> <span class='ocrx_word' id='word_1_5' title='bbox 2245 412 2329 451; x_wconf 91' lang='grc' dir='ltr'><strong>ΙΙΙ.</strong></span> 
     </span>
    </p>
   </div>
   <div class='ocr_carea' id='block_1_2' title="bbox 374 545 2359 621">
    <p class='ocr_par' dir='ltr' id='par_1_2' title="bbox 374 545 2359 621">
     <span class='ocr_line' id='line_1_2' title="bbox 374 545 2359 621; baseline -0.004 -11"><span class='ocrx_word' id='word_1_6' title='bbox 374 577 535 610; x_wconf 91' lang='lat' dir='ltr'>manu</span> <span class='ocrx_word' id='word_1_7' title='bbox 560 559 684 611; x_wconf 88' lang='lat' dir='ltr'>forti</span> <span class='ocrx_word' id='word_1_8' title='bbox 710 559 1005 610; x_wconf 85' lang='lat' dir='ltr'><strong>Romanam</strong></span> <span class='ocrx_word' id='word_1_9' title='bbox 1034 556 1172 609; x_wconf 85' lang='lat' dir='ltr'>rexit</span> <span class='ocrx_word' id='word_1_10' title='bbox 1198 555 1491 618; x_wconf 91' lang='lat' dir='ltr'>ecclesiam,</span> <span class='ocrx_word' id='word_1_11' title='bbox 1518 573 1547 604; x_wconf 93' lang='lat' dir='ltr'>a</span> <span class='ocrx_word' id='word_1_12' title='bbox 1575 553 1728 621; x_wconf 89' lang='lat' dir='ltr'>cujus</span> <span class='ocrx_word' id='word_1_13' title='bbox 1754 559 1815 603; x_wconf 92' lang='lat' dir='ltr'>ut</span> <span class='ocrx_word' id='word_1_14' title='bbox 1842 551 2036 604; x_wconf 90' lang='lat' dir='ltr'>dicitur</span> <span class='ocrx_word' id='word_1_15' title='bbox 2060 545 2359 620; x_wconf 85' lang='lat' dir='ltr'>possessio-</span> 
     </span>
    </p>
   </div>
   <div class='ocr_carea' id='block_1_3' title="bbox 369 644 2365 2751">
    <p class='ocr_par' dir='ltr' id='par_1_3' title="bbox 371 644 2297 714">
     <span class='ocr_line' id='line_1_3' title="bbox 371 644 2297 714; baseline -0.004 -12"><span class='ocrx_word' id='word_1_16' title='bbox 371 651 529 703; x_wconf 88' lang='lat' dir='ltr'>nibus</span> <span class='ocrx_word' id='word_1_17' title='bbox 552 651 790 702; x_wconf 89' lang='lat' dir='ltr'>omnium</span> <span class='ocrx_word' id='word_1_18' title='bbox 819 667 1186 701; x_wconf 92' lang='lat' dir='ltr'>successorum</span> <span class='ocrx_word' id='word_1_19' title='bbox 1215 666 1435 700; x_wconf 91' lang='lat' dir='ltr'>suorum</span> <span class='ocrx_word' id='word_1_20' title='bbox 1461 645 1795 714; x_wconf 80' lang='lat' dir='ltr'>temporibus</span> <span class='ocrx_word' id='word_1_21' title='bbox 1822 644 2022 712; x_wconf 88' lang='lat' dir='ltr'>aliquid</span> <span class='ocrx_word' id='word_1_22' title='bbox 2056 645 2297 696; x_wconf 86' lang='lat' dir='ltr'>defluxit.</span> 
     </span>
    </p>

    <p class='ocr_par' dir='ltr' id='par_1_4' title="bbox 369 730 2365 2751">
     <span class='ocr_line' id='line_1_4' title="bbox 442 730 2360 804; baseline -0.004 -17"><span class='ocrx_word' id='word_1_23' title='bbox 442 736 760 787; x_wconf 87' lang='lat' dir='ltr'><strong>Audivimus</strong></span> <span class='ocrx_word' id='word_1_24' title='bbox 789 736 933 804; x_wconf 93' lang='lat' dir='ltr'>quod</span> <span class='ocrx_word' id='word_1_25' title='bbox 959 735 1072 786; x_wconf 92' lang='lat' dir='ltr'>Leo</span> <span class='ocrx_word' id='word_1_26' title='bbox 1103 752 1242 802; x_wconf 89' lang='lat' dir='ltr'>papa</span> <span class='ocrx_word' id='word_1_27' title='bbox 1278 732 1426 784; x_wconf 90' lang='lat' dir='ltr'>dedit</span> <span class='ocrx_word' id='word_1_28' title='bbox 1458 731 1674 782; x_wconf 84' lang='lat' dir='ltr'>initium</span> <span class='ocrx_word' id='word_1_29' title='bbox 1716 747 1888 781; x_wconf 82' lang='lat' dir='ltr'>causae</span> <span class='ocrx_word' id='word_1_30' title='bbox 1930 748 2035 798; x_wconf 92' lang='lat' dir='ltr'>qua</span> <span class='ocrx_word' id='word_1_31' title='bbox 2080 730 2360 781; x_wconf 87' lang='lat' dir='ltr'>castellum</span> 
     </span>
     <span class='ocr_line' id='line_1_5' title="bbox 371 812 2361 888; baseline -0.002 -19"><span class='ocrx_word' id='word_1_32' title='bbox 371 836 611 870; x_wconf 83' lang='lat' dir='ltr'>crescens</span> <span class='ocrx_word' id='word_1_33' title='bbox 638 819 828 882; x_wconf 90' lang='lat' dir='ltr'>adhuc,</span> <span class='ocrx_word' id='word_1_34' title='bbox 855 819 1005 888; x_wconf 85' lang='lat' dir='ltr'>quasi</span> <span class='ocrx_word' id='word_1_35' title='bbox 1043 817 1381 870; x_wconf 83' lang='lat' dir='ltr'>exhaeredato</span> <span class='ocrx_word' id='word_1_36' title='bbox 1417 814 1574 866; x_wconf 92' lang='lat' dir='ltr'>beato</span> <span class='ocrx_word' id='word_1_37' title='bbox 1604 815 1763 865; x_wconf 89' lang='lat' dir='ltr'>Petro</span> <span class='ocrx_word' id='word_1_38' title='bbox 1794 812 1938 864; x_wconf 88' lang='lat' dir='ltr'>Petri</span> <span class='ocrx_word' id='word_1_39' title='bbox 1964 813 2167 864; x_wconf 84' lang='lat' dir='ltr'>Leonis</span> <span class='ocrx_word' id='word_1_40' title='bbox 2193 813 2361 865; x_wconf 82' lang='lat' dir='ltr'>haere-</span> 
     </span>
     <span class='ocr_line' id='line_1_6' title="bbox 372 898 2361 965; baseline -0.003 -12"><span class='ocrx_word' id='word_1_41' title='bbox 372 903 463 954; x_wconf 90' lang='lat' dir='ltr'>des</span> <span class='ocrx_word' id='word_1_42' title='bbox 491 902 748 953; x_wconf 82' lang='lat' dir='ltr'><strong>detinent.</strong></span> <span class='ocrx_word' id='word_1_43' title='bbox 826 902 1016 953; x_wconf 90' lang='lat' dir='ltr'>Petrus</span> <span class='ocrx_word' id='word_1_44' title='bbox 1041 901 1129 953; x_wconf 91' lang='lat' dir='ltr'>ille</span> <span class='ocrx_word' id='word_1_45' title='bbox 1156 899 1357 952; x_wconf 88' lang='lat' dir='ltr'>Leonis</span> <span class='ocrx_word' id='word_1_46' title='bbox 1383 899 1421 951; x_wconf 88' lang='lat' dir='ltr'><strong>J</strong></span> <span class='ocrx_word' id='word_1_47' title='bbox 1424 899 1610 950; x_wconf 86' lang='lat' dir='ltr'>udaeus</span> <span class='ocrx_word' id='word_1_48' title='bbox 1637 899 1706 950; x_wconf 89' lang='lat' dir='ltr'>ad</span> <span class='ocrx_word' id='word_1_49' title='bbox 1741 898 1905 950; x_wconf 90' lang='lat' dir='ltr'>fidem</span> <span class='ocrx_word' id='word_1_50' title='bbox 1931 904 2173 949; x_wconf 90' lang='lat' dir='ltr'>nostram</span> <span class='ocrx_word' id='word_1_51' title='bbox 2199 915 2361 965; x_wconf 88' lang='lat' dir='ltr'>opera</span> 
     </span>
     <span class='ocr_line' id='line_1_7' title="bbox 375 981 2360 1056; baseline -0.003 -18"><span class='ocrx_word' id='word_1_52' title='bbox 375 987 572 1038; x_wconf 89' lang='lat' dir='ltr'>Leonis</span> <span class='ocrx_word' id='word_1_53' title='bbox 615 1005 768 1056; x_wconf 82' lang='lat' dir='ltr'>papae</span> <span class='ocrx_word' id='word_1_54' title='bbox 809 1005 1097 1038; x_wconf 87' lang='lat' dir='ltr'>conversus</span> <span class='ocrx_word' id='word_1_55' title='bbox 1125 994 1225 1049; x_wconf 89' lang='lat' dir='ltr'>est,</span> <span class='ocrx_word' id='word_1_56' title='bbox 1252 993 1307 1038; x_wconf 91' lang='lat' dir='ltr'>et</span> <span class='ocrx_word' id='word_1_57' title='bbox 1344 985 1409 1036; x_wconf 91' lang='lat' dir='ltr'>ab</span> <span class='ocrx_word' id='word_1_58' title='bbox 1449 984 1568 1053; x_wconf 91' lang='lat' dir='ltr'>ipso</span> <span class='ocrx_word' id='word_1_59' title='bbox 1608 983 1808 1036; x_wconf 86' lang='lat' dir='ltr'>Leonis</span> <span class='ocrx_word' id='word_1_60' title='bbox 1850 1001 2114 1052; x_wconf 87' lang='lat' dir='ltr'>agnomen</span> <span class='ocrx_word' id='word_1_61' title='bbox 2151 981 2360 1046; x_wconf 91' lang='lat' dir='ltr'>habuit,</span> 
     </span>
     <span class='ocr_line' id='line_1_8' title="bbox 373 1067 2361 1141; baseline -0.002 -19"><span class='ocrx_word' id='word_1_62' title='bbox 373 1072 685 1140; x_wconf 81' lang='lat' dir='ltr'>studuitque</span> <span class='ocrx_word' id='word_1_63' title='bbox 715 1073 827 1124; x_wconf 91' lang='lat' dir='ltr'>Leo</span> <span class='ocrx_word' id='word_1_64' title='bbox 853 1091 991 1141; x_wconf 88' lang='lat' dir='ltr'>papa</span> <span class='ocrx_word' id='word_1_65' title='bbox 1015 1073 1195 1141; x_wconf 89' lang='lat' dir='ltr'>ipsum</span> <span class='ocrx_word' id='word_1_66' title='bbox 1227 1070 1525 1123; x_wconf 81' lang='lat' dir='ltr'>redditibus</span> <span class='ocrx_word' id='word_1_67' title='bbox 1553 1076 1608 1121; x_wconf 93' lang='lat' dir='ltr'>et</span> <span class='ocrx_word' id='word_1_68' title='bbox 1634 1068 1848 1138; x_wconf 84' lang='lat' dir='ltr'>praediis</span> <span class='ocrx_word' id='word_1_69' title='bbox 1875 1069 2146 1137; x_wconf 89' lang='lat' dir='ltr'>ampliare,</span> <span class='ocrx_word' id='word_1_70' title='bbox 2173 1067 2361 1120; x_wconf 88' lang='lat' dir='ltr'>castel-</span> 
     </span>
     <span class='ocr_line' id='line_1_9' title="bbox 371 1153 2362 1225; baseline -0.002 -18"><span class='ocrx_word' id='word_1_71' title='bbox 371 1157 511 1225; x_wconf 91' lang='lat' dir='ltr'>lique</span> <span class='ocrx_word' id='word_1_72' title='bbox 548 1157 790 1225; x_wconf 85' lang='lat' dir='ltr'>praedicti</span> <span class='ocrx_word' id='word_1_73' title='bbox 829 1158 877 1209; x_wconf 90' lang='lat' dir='ltr'>ei</span> <span class='ocrx_word' id='word_1_74' title='bbox 922 1158 1220 1209; x_wconf 86' lang='lat' dir='ltr'>custodiam</span> <span class='ocrx_word' id='word_1_75' title='bbox 1261 1155 1504 1220; x_wconf 92' lang='lat' dir='ltr'>contulit,</span> <span class='ocrx_word' id='word_1_76' title='bbox 1556 1155 1622 1206; x_wconf 90' lang='lat' dir='ltr'>ad</span> <span class='ocrx_word' id='word_1_77' title='bbox 1663 1156 1779 1224; x_wconf 88' lang='lat' dir='ltr'>ejus</span> <span class='ocrx_word' id='word_1_78' title='bbox 1826 1153 2275 1223; x_wconf 87' lang='lat' dir='ltr'>magnificentiam</span> <span class='ocrx_word' id='word_1_79' title='bbox 2306 1159 2362 1204; x_wconf 92' lang='lat' dir='ltr'>et</span> 
     </span>
     <span class='ocr_line' id='line_1_10' title="bbox 369 1241 2359 1310; baseline -0.001 -18"><span class='ocrx_word' id='word_1_80' title='bbox 369 1242 645 1306; x_wconf 79' lang='lat' dir='ltr'>honorem,</span> <span class='ocrx_word' id='word_1_81' title='bbox 663 1250 715 1295; x_wconf 91' lang='lat' dir='ltr'>et</span> <span class='ocrx_word' id='word_1_82' title='bbox 739 1243 1058 1310; x_wconf 74' lang='lat' dir='ltr'>nobilissimi</span> <span class='ocrx_word' id='word_1_83' title='bbox 1080 1242 1209 1295; x_wconf 88' lang='lat' dir='ltr'>civis</span> <span class='ocrx_word' id='word_1_84' title='bbox 1237 1243 1283 1294; x_wconf 92' lang='lat' dir='ltr'>ei</span> <span class='ocrx_word' id='word_1_85' title='bbox 1318 1242 1479 1293; x_wconf 88' lang='lat' dir='ltr'>filiam</span> <span class='ocrx_word' id='word_1_86' title='bbox 1500 1258 1723 1293; x_wconf 85' lang='lat' dir='ltr'>uxorem</span> <span class='ocrx_word' id='word_1_87' title='bbox 1750 1241 1914 1305; x_wconf 80' lang='lat' dir='ltr'>dedit,</span> <span class='ocrx_word' id='word_1_88' title='bbox 1942 1259 2005 1292; x_wconf 84' lang='lat' dir='ltr'>ex</span> <span class='ocrx_word' id='word_1_89' title='bbox 2035 1259 2139 1308; x_wconf 90' lang='lat' dir='ltr'>qua</span> <span class='ocrx_word' id='word_1_90' title='bbox 2168 1241 2359 1291; x_wconf 91' lang='lat' dir='ltr'>Petrus</span> 
     </span>
     <span class='ocr_line' id='line_1_11' title="bbox 371 1323 2362 1396; baseline -0.002 -19"><span class='ocrx_word' id='word_1_91' title='bbox 371 1326 651 1378; x_wconf 90' lang='lat' dir='ltr'>duodecim</span> <span class='ocrx_word' id='word_1_92' title='bbox 678 1327 914 1396; x_wconf 89' lang='lat' dir='ltr'>suscepit</span> <span class='ocrx_word' id='word_1_93' title='bbox 948 1327 1103 1388; x_wconf 84' lang='lat' dir='ltr'>filios,</span> <span class='ocrx_word' id='word_1_94' title='bbox 1145 1345 1278 1396; x_wconf 93' lang='lat' dir='ltr'>quos</span> <span class='ocrx_word' id='word_1_95' title='bbox 1319 1326 1435 1396; x_wconf 88' lang='lat' dir='ltr'>ipse</span> <span class='ocrx_word' id='word_1_96' title='bbox 1474 1326 1760 1395; x_wconf 91' lang='lat' dir='ltr'>prudentia</span> <span class='ocrx_word' id='word_1_97' title='bbox 1787 1345 1883 1377; x_wconf 93' lang='lat' dir='ltr'>sua</span> <span class='ocrx_word' id='word_1_98' title='bbox 1929 1325 2150 1394; x_wconf 87' lang='lat' dir='ltr'>singulis</span> <span class='ocrx_word' id='word_1_99' title='bbox 2199 1323 2362 1375; x_wconf 52' lang='lat' dir='ltr'>stabi-2</span> 
     </span>
     <span class='ocr_line' id='line_1_12' title="bbox 370 1409 2362 1479; baseline -0.001 -19"><span class='ocrx_word' id='word_1_100' title='bbox 370 1410 486 1462; x_wconf 89' lang='lat' dir='ltr'>livit</span> <span class='ocrx_word' id='word_1_101' title='bbox 510 1410 804 1462; x_wconf 89' lang='lat' dir='ltr'>honoribus</span> <span class='ocrx_word' id='word_1_102' title='bbox 832 1418 886 1462; x_wconf 91' lang='lat' dir='ltr'>et</span> <span class='ocrx_word' id='word_1_103' title='bbox 914 1428 1154 1461; x_wconf 91' lang='lat' dir='ltr'>summos</span> <span class='ocrx_word' id='word_1_104' title='bbox 1191 1409 1248 1461; x_wconf 90' lang='lat' dir='ltr'>in</span> <span class='ocrx_word' id='word_1_105' title='bbox 1287 1410 1501 1462; x_wconf 88' lang='lat' dir='ltr'>civitate</span> <span class='ocrx_word' id='word_1_106' title='bbox 1540 1410 1840 1462; x_wconf 89' lang='lat' dir='ltr'>constituit.</span> <span class='ocrx_word' id='word_1_107' title='bbox 1918 1410 2157 1479; x_wconf 89' lang='lat' dir='ltr'>Reliquit</span> <span class='ocrx_word' id='word_1_108' title='bbox 2182 1416 2362 1460; x_wconf 91' lang='lat' dir='ltr'>autem</span> 
     </span>
     <span class='ocr_line' id='line_1_13' title="bbox 372 1492 2363 1564; baseline -0.001 -18"><span class='ocrx_word' id='word_1_109' title='bbox 372 1495 448 1546; x_wconf 92' lang='lat' dir='ltr'>eis</span> <span class='ocrx_word' id='word_1_110' title='bbox 475 1496 675 1547; x_wconf 87' lang='lat' dir='ltr'>castelli</span> <span class='ocrx_word' id='word_1_111' title='bbox 701 1496 1020 1560; x_wconf 81' lang='lat' dir='ltr'>custodiam,</span> <span class='ocrx_word' id='word_1_112' title='bbox 1056 1496 1239 1547; x_wconf 89' lang='lat' dir='ltr'>dicens</span> <span class='ocrx_word' id='word_1_113' title='bbox 1269 1496 1374 1547; x_wconf 90' lang='lat' dir='ltr'>hoc</span> <span class='ocrx_word' id='word_1_114' title='bbox 1415 1495 1597 1561; x_wconf 89' lang='lat' dir='ltr'>modo,</span> <span class='ocrx_word' id='word_1_115' title='bbox 1625 1496 1909 1548; x_wconf 91' lang='lat' dir='ltr'>duodecim</span> <span class='ocrx_word' id='word_1_116' title='bbox 1936 1496 2012 1547; x_wconf 91' lang='lat' dir='ltr'>eis</span> <span class='ocrx_word' id='word_1_117' title='bbox 2037 1495 2211 1564; x_wconf 88' lang='lat' dir='ltr'>virgas</span> <span class='ocrx_word' id='word_1_118' title='bbox 2237 1492 2363 1546; x_wconf 88' lang='lat' dir='ltr'>forti</span> 
     </span>
     <span class='ocr_line' id='line_1_14' title="bbox 371 1580 2364 1650; baseline -0.001 -19"><span class='ocrx_word' id='word_1_119' title='bbox 371 1581 556 1649; x_wconf 90' lang='lat' dir='ltr'>ligatas</span> <span class='ocrx_word' id='word_1_120' title='bbox 582 1580 795 1632; x_wconf 85' lang='lat' dir='ltr'>vinculo</span> <span class='ocrx_word' id='word_1_121' title='bbox 822 1581 986 1645; x_wconf 90' lang='lat' dir='ltr'>dedit,</span> <span class='ocrx_word' id='word_1_122' title='bbox 1012 1589 1074 1632; x_wconf 92' lang='lat' dir='ltr'>ut</span> <span class='ocrx_word' id='word_1_123' title='bbox 1100 1581 1191 1650; x_wconf 92' lang='lat' dir='ltr'>qui</span> <span class='ocrx_word' id='word_1_124' title='bbox 1217 1599 1304 1632; x_wconf 92' lang='lat' dir='ltr'>eas</span> <span class='ocrx_word' id='word_1_125' title='bbox 1332 1581 1446 1632; x_wconf 93' lang='lat' dir='ltr'>sine</span> <span class='ocrx_word' id='word_1_126' title='bbox 1474 1581 1739 1633; x_wconf 89' lang='lat' dir='ltr'>solutione</span> <span class='ocrx_word' id='word_1_127' title='bbox 1763 1580 1965 1633; x_wconf 84' lang='lat' dir='ltr'>vinculi</span> <span class='ocrx_word' id='word_1_128' title='bbox 1990 1599 2154 1632; x_wconf 92' lang='lat' dir='ltr'>manu</span> <span class='ocrx_word' id='word_1_129' title='bbox 2179 1586 2364 1649; x_wconf 91' lang='lat' dir='ltr'>posset</span> 
     </span>
     <span class='ocr_line' id='line_1_15' title="bbox 370 1664 2360 1735; baseline -0.001 -20"><span class='ocrx_word' id='word_1_130' title='bbox 370 1665 559 1717; x_wconf 91' lang='lat' dir='ltr'>inermi</span> <span class='ocrx_word' id='word_1_131' title='bbox 585 1666 915 1735; x_wconf 87' lang='lat' dir='ltr'>confringere</span> <span class='ocrx_word' id='word_1_132' title='bbox 941 1666 1147 1735; x_wconf 89' lang='lat' dir='ltr'>primus</span> <span class='ocrx_word' id='word_1_133' title='bbox 1166 1666 1218 1717; x_wconf 87' lang='lat' dir='ltr'>in</span> <span class='ocrx_word' id='word_1_134' title='bbox 1240 1666 1552 1718; x_wconf 85' lang='lat' dir='ltr'>haereditate</span> <span class='ocrx_word' id='word_1_135' title='bbox 1580 1666 1832 1735; x_wconf 87' lang='lat' dir='ltr'>deinceps</span> <span class='ocrx_word' id='word_1_136' title='bbox 1858 1666 2163 1718; x_wconf 90' lang='lat' dir='ltr'>haberetur.</span> <span class='ocrx_word' id='word_1_137' title='bbox 2239 1664 2360 1716; x_wconf 84' lang='lat' dir='ltr'>Sin-</span> 
     </span>
     <span class='ocr_line' id='line_1_16' title="bbox 369 1750 2362 1820; baseline 0 -20"><span class='ocrx_word' id='word_1_138' title='bbox 369 1751 614 1818; x_wconf 90' lang='lat' dir='ltr'>gulorum</span> <span class='ocrx_word' id='word_1_139' title='bbox 639 1750 799 1819; x_wconf 91' lang='lat' dir='ltr'>igitur</span> <span class='ocrx_word' id='word_1_140' title='bbox 825 1750 1105 1802; x_wconf 91' lang='lat' dir='ltr'>conatibus</span> <span class='ocrx_word' id='word_1_141' title='bbox 1127 1750 1308 1814; x_wconf 88' lang='lat' dir='ltr'>elusis,</span> <span class='ocrx_word' id='word_1_142' title='bbox 1337 1751 1473 1803; x_wconf 88' lang='lat' dir='ltr'>solvi</span> <span class='ocrx_word' id='word_1_143' title='bbox 1492 1750 1658 1820; x_wconf 89' lang='lat' dir='ltr'>jussit</span> <span class='ocrx_word' id='word_1_144' title='bbox 1681 1750 1911 1819; x_wconf 88' lang='lat' dir='ltr'>virgulas</span> <span class='ocrx_word' id='word_1_145' title='bbox 1936 1759 1990 1803; x_wconf 94' lang='lat' dir='ltr'>et</span> <span class='ocrx_word' id='word_1_146' title='bbox 2005 1769 2362 1819; x_wconf 91' lang='lat' dir='ltr'>unumquem-</span> 
     </span>
     <span class='ocr_line' id='line_1_17' title="bbox 372 1835 2365 1905; baseline 0 -20"><span class='ocrx_word' id='word_1_147' title='bbox 372 1853 473 1903; x_wconf 93' lang='lat' dir='ltr'>que</span> <span class='ocrx_word' id='word_1_148' title='bbox 501 1854 650 1886; x_wconf 90' lang='lat' dir='ltr'>suam</span> <span class='ocrx_word' id='word_1_149' title='bbox 675 1837 930 1905; x_wconf 85' lang='lat' dir='ltr'>frangere,</span> <span class='ocrx_word' id='word_1_150' title='bbox 959 1837 1101 1905; x_wconf 94' lang='lat' dir='ltr'>quod</span> <span class='ocrx_word' id='word_1_151' title='bbox 1126 1836 1182 1887; x_wconf 95' lang='lat' dir='ltr'>in</span> <span class='ocrx_word' id='word_1_152' title='bbox 1207 1843 1483 1887; x_wconf 90' lang='lat' dir='ltr'>momento</span> <span class='ocrx_word' id='word_1_153' title='bbox 1509 1837 1711 1887; x_wconf 86' lang='lat' dir='ltr'>factum</span> <span class='ocrx_word' id='word_1_154' title='bbox 1739 1845 1838 1888; x_wconf 90' lang='lat' dir='ltr'>est.</span> <span class='ocrx_word' id='word_1_155' title='bbox 1901 1836 1994 1887; x_wconf 87' lang='lat' dir='ltr'>Ait</span> <span class='ocrx_word' id='word_1_156' title='bbox 2019 1854 2161 1904; x_wconf 86' lang='lat' dir='ltr'>ergo,</span> <span class='ocrx_word' id='word_1_157' title='bbox 2200 1839 2236 1864; x_wconf 81' lang='lat'><em>“</em></span> <span class='ocrx_word' id='word_1_158' title='bbox 2258 1835 2365 1898; x_wconf 85' lang='lat' dir='ltr'>Sic,</span> 
     </span>
     <span class='ocr_line' id='line_1_18' title="bbox 372 1919 2363 1985; baseline 0 -15"><span class='ocrx_word' id='word_1_159' title='bbox 372 1920 467 1970; x_wconf 83' lang='lat' dir='ltr'>filii</span> <span class='ocrx_word' id='word_1_160' title='bbox 494 1921 597 1972; x_wconf 90' lang='lat' dir='ltr'>mei</span> <span class='ocrx_word' id='word_1_161' title='bbox 623 1920 907 1985; x_wconf 84' lang='lat' dir='ltr'>karissimi,</span> <span class='ocrx_word' id='word_1_162' title='bbox 935 1922 1065 1971; x_wconf 93' lang='lat' dir='ltr'>dum</span> <span class='ocrx_word' id='word_1_163' title='bbox 1094 1920 1273 1971; x_wconf 87' lang='lat' dir='ltr'>unitos</span> <span class='ocrx_word' id='word_1_164' title='bbox 1301 1919 1495 1971; x_wconf 90' lang='lat' dir='ltr'>amoris</span> <span class='ocrx_word' id='word_1_165' title='bbox 1521 1920 1736 1972; x_wconf 88' lang='lat' dir='ltr'>vinculo</span> <span class='ocrx_word' id='word_1_166' title='bbox 1763 1939 1861 1972; x_wconf 88' lang='lat' dir='ltr'>vos</span> <span class='ocrx_word' id='word_1_167' title='bbox 1888 1921 2128 1972; x_wconf 83' lang='lat' dir='ltr'>inveniet</span> <span class='ocrx_word' id='word_1_168' title='bbox 2154 1919 2363 1972; x_wconf 90' lang='lat' dir='ltr'>hostili-</span> 
     </span>
     <span class='ocr_line' id='line_1_19' title="bbox 372 2005 2364 2074; baseline 0.001 -18"><span class='ocrx_word' id='word_1_169' title='bbox 372 2012 472 2068; x_wconf 91' lang='lat' dir='ltr'>tas,</span> <span class='ocrx_word' id='word_1_170' title='bbox 497 2005 638 2057; x_wconf 87' lang='lat' dir='ltr'>victa</span> <span class='ocrx_word' id='word_1_171' title='bbox 670 2006 885 2068; x_wconf 89' lang='lat' dir='ltr'>resiliet,</span> <span class='ocrx_word' id='word_1_172' title='bbox 912 2024 1046 2074; x_wconf 92' lang='lat' dir='ltr'>quos</span> <span class='ocrx_word' id='word_1_173' title='bbox 1075 2023 1404 2074; x_wconf 86' lang='lat' dir='ltr'>quaecunque</span> <span class='ocrx_word' id='word_1_174' title='bbox 1444 2005 1526 2057; x_wconf 89' lang='lat' dir='ltr'>vis</span> <span class='ocrx_word' id='word_1_175' title='bbox 1562 2005 1750 2057; x_wconf 91' lang='lat' dir='ltr'>fortior</span> <span class='ocrx_word' id='word_1_176' title='bbox 1795 2014 2065 2074; x_wconf 87' lang='lat' dir='ltr'>separatos</span> <span class='ocrx_word' id='word_1_177' title='bbox 2108 2005 2364 2057; x_wconf 89' lang='lat' dir='ltr'>invaserit</span> 
     </span>
     <span class='ocr_line' id='line_1_20' title="bbox 371 2089 2361 2159; baseline 0.001 -19"><span class='ocrx_word' id='word_1_178' title='bbox 371 2089 774 2157; x_wconf 82' lang='lat' dir='ltr'>triumphabit.&#39;&#39;</span> <span class='ocrx_word' id='word_1_179' title='bbox 834 2089 921 2141; x_wconf 85' lang='lat' dir='ltr'>Sic</span> <span class='ocrx_word' id='word_1_180' title='bbox 949 2089 1090 2140; x_wconf 89' lang='lat' dir='ltr'>Petri</span> <span class='ocrx_word' id='word_1_181' title='bbox 1119 2107 1442 2158; x_wconf 91' lang='lat' dir='ltr'>suorumque</span> <span class='ocrx_word' id='word_1_182' title='bbox 1470 2089 1729 2158; x_wconf 89' lang='lat' dir='ltr'>sapientia</span> <span class='ocrx_word' id='word_1_183' title='bbox 1757 2097 1811 2141; x_wconf 91' lang='lat' dir='ltr'>et</span> <span class='ocrx_word' id='word_1_184' title='bbox 1837 2091 2032 2142; x_wconf 91' lang='lat' dir='ltr'>astutia</span> <span class='ocrx_word' id='word_1_185' title='bbox 2054 2090 2361 2159; x_wconf 89' lang='lat' dir='ltr'>sequacium</span> 
     </span>
     <span class='ocr_line' id='line_1_21' title="bbox 373 2174 2363 2242; baseline 0.001 -17"><span class='ocrx_word' id='word_1_186' title='bbox 373 2174 570 2226; x_wconf 90' lang='lat' dir='ltr'>mansit</span> <span class='ocrx_word' id='word_1_187' title='bbox 608 2174 751 2242; x_wconf 93' lang='lat' dir='ltr'>apud</span> <span class='ocrx_word' id='word_1_188' title='bbox 789 2192 880 2225; x_wconf 90' lang='lat' dir='ltr'>eos</span> <span class='ocrx_word' id='word_1_189' title='bbox 919 2174 1070 2242; x_wconf 91' lang='lat' dir='ltr'>quasi</span> <span class='ocrx_word' id='word_1_190' title='bbox 1106 2174 1388 2225; x_wconf 72' lang='lat' dir='ltr'>haereditas</span> <span class='ocrx_word' id='word_1_191' title='bbox 1427 2175 1810 2242; x_wconf 90' lang='lat' dir='ltr'>patrimonium</span> <span class='ocrx_word' id='word_1_192' title='bbox 1851 2175 2068 2228; x_wconf 85' lang='lat' dir='ltr'>Christi.</span> <span class='ocrx_word' id='word_1_193' title='bbox 2146 2175 2363 2227; x_wconf 88' lang='lat' dir='ltr'>Nostris</span> 
     </span>
     <span class='ocr_line' id='line_1_22' title="bbox 373 2259 2365 2328; baseline 0.001 -18"><span class='ocrx_word' id='word_1_194' title='bbox 373 2259 532 2311; x_wconf 91' lang='lat' dir='ltr'>etiam</span> <span class='ocrx_word' id='word_1_195' title='bbox 557 2259 889 2328; x_wconf 88' lang='lat' dir='ltr'>temporibus</span> <span class='ocrx_word' id='word_1_196' title='bbox 915 2259 1150 2328; x_wconf 90' lang='lat' dir='ltr'>perdidit</span> <span class='ocrx_word' id='word_1_197' title='bbox 1171 2260 1474 2310; x_wconf 84' lang='lat' dir='ltr'>Alexander</span> <span class='ocrx_word' id='word_1_198' title='bbox 1494 2278 1631 2328; x_wconf 90' lang='lat' dir='ltr'>papa</span> <span class='ocrx_word' id='word_1_199' title='bbox 1657 2260 1846 2311; x_wconf 92' lang='lat' dir='ltr'>tertius</span> <span class='ocrx_word' id='word_1_200' title='bbox 1862 2263 1894 2294; x_wconf 51' lang='lat'>³*</span> <span class='ocrx_word' id='word_1_201' title='bbox 1920 2260 2365 2312; x_wconf 89' lang='lat' dir='ltr'>consuetudinem</span> 
     </span>
     <span class='ocr_line' id='line_1_23' title="bbox 371 2343 2365 2412; baseline 0.001 -18"><span class='ocrx_word' id='word_1_202' title='bbox 371 2350 539 2412; x_wconf 83' lang='lat' dir='ltr'>portae</span> <span class='ocrx_word' id='word_1_203' title='bbox 565 2343 706 2394; x_wconf 91' lang='lat' dir='ltr'>beati</span> <span class='ocrx_word' id='word_1_204' title='bbox 734 2343 895 2406; x_wconf 91' lang='lat' dir='ltr'>Petri,</span> <span class='ocrx_word' id='word_1_205' title='bbox 921 2361 1081 2411; x_wconf 92' lang='lat' dir='ltr'>quam</span> <span class='ocrx_word' id='word_1_206' title='bbox 1106 2343 1392 2411; x_wconf 89' lang='lat' dir='ltr'>pedagium</span> <span class='ocrx_word' id='word_1_207' title='bbox 1420 2343 1625 2408; x_wconf 89' lang='lat' dir='ltr'>dicunt,</span> <span class='ocrx_word' id='word_1_208' title='bbox 1653 2351 1707 2395; x_wconf 92' lang='lat' dir='ltr'>et</span> <span class='ocrx_word' id='word_1_209' title='bbox 1732 2344 1896 2396; x_wconf 90' lang='lat' dir='ltr'>altare</span> <span class='ocrx_word' id='word_1_210' title='bbox 1923 2344 2254 2397; x_wconf 89' lang='lat' dir='ltr'>dominicum</span> <span class='ocrx_word' id='word_1_211' title='bbox 2281 2362 2365 2396; x_wconf 90' lang='lat' dir='ltr'>ec-</span> 
     </span>
     <span class='ocr_line' id='line_1_24' title="bbox 371 2428 2365 2496; baseline 0.001 -16"><span class='ocrx_word' id='word_1_212' title='bbox 371 2428 542 2481; x_wconf 83' lang='lat' dir='ltr'>clesiae</span> <span class='ocrx_word' id='word_1_213' title='bbox 567 2428 736 2496; x_wconf 88' lang='lat' dir='ltr'>ipsius</span> <span class='ocrx_word' id='word_1_214' title='bbox 762 2429 818 2479; x_wconf 92' lang='lat' dir='ltr'>in</span> <span class='ocrx_word' id='word_1_215' title='bbox 851 2447 1069 2479; x_wconf 90' lang='lat' dir='ltr'>manum</span> <span class='ocrx_word' id='word_1_216' title='bbox 1095 2428 1303 2491; x_wconf 90' lang='lat' dir='ltr'>laicam,</span> <span class='ocrx_word' id='word_1_217' title='bbox 1329 2428 1570 2496; x_wconf 85' lang='lat' dir='ltr'>praefecti</span> <span class='ocrx_word' id='word_1_218' title='bbox 1597 2428 1800 2480; x_wconf 89' lang='lat' dir='ltr'>scilicet</span> <span class='ocrx_word' id='word_1_219' title='bbox 1839 2429 2102 2494; x_wconf 81' lang='lat' dir='ltr'>Romani3</span> <span class='ocrx_word' id='word_1_220' title='bbox 2141 2437 2195 2481; x_wconf 91' lang='lat' dir='ltr'>et</span> <span class='ocrx_word' id='word_1_221' title='bbox 2221 2438 2365 2481; x_wconf 85' lang='lat' dir='ltr'>nunc</span> 
     </span>
     <span class='ocr_line' id='line_1_25' title="bbox 370 2511 2364 2580; baseline 0.001 -16"><span class='ocrx_word' id='word_1_222' title='bbox 370 2512 528 2564; x_wconf 91' lang='lat' dir='ltr'>hodie</span> <span class='ocrx_word' id='word_1_223' title='bbox 555 2531 584 2562; x_wconf 89' lang='lat' dir='ltr'>a</span> <span class='ocrx_word' id='word_1_224' title='bbox 611 2511 867 2563; x_wconf 89' lang='lat' dir='ltr'>Romanis</span> <span class='ocrx_word' id='word_1_225' title='bbox 886 2513 1085 2564; x_wconf 90' lang='lat' dir='ltr'>electus</span> <span class='ocrx_word' id='word_1_226' title='bbox 1106 2519 1189 2563; x_wconf 93' lang='lat' dir='ltr'>est</span> <span class='ocrx_word' id='word_1_227' title='bbox 1216 2512 1417 2564; x_wconf 90' lang='lat' dir='ltr'>Lucius</span> <span class='ocrx_word' id='word_1_228' title='bbox 1435 2530 1573 2580; x_wconf 88' lang='lat' dir='ltr'>papa</span> <span class='ocrx_word' id='word_1_229' title='bbox 1593 2530 1869 2564; x_wconf 91' lang='lat' dir='ltr'>successor</span> <span class='ocrx_word' id='word_1_230' title='bbox 1889 2513 2181 2565; x_wconf 86' lang='lat' dir='ltr'>Alexandri</span> <span class='ocrx_word' id='word_1_231' title='bbox 2200 2514 2364 2577; x_wconf 89' lang='lat' dir='ltr'>tertii,</span> 
     </span>
     <span class='ocr_line' id='line_1_26' title="bbox 373 2596 2363 2667; baseline 0.002 -19"><span class='ocrx_word' id='word_1_232' title='bbox 373 2598 462 2665; x_wconf 94' lang='lat' dir='ltr'>qui</span> <span class='ocrx_word' id='word_1_233' title='bbox 485 2598 656 2647; x_wconf 91' lang='lat' dir='ltr'>fuerat</span> <span class='ocrx_word' id='word_1_234' title='bbox 681 2615 821 2648; x_wconf 90' lang='lat' dir='ltr'>anno</span> <span class='ocrx_word' id='word_1_235' title='bbox 847 2597 1119 2665; x_wconf 87' lang='lat' dir='ltr'>praeterito</span> <span class='ocrx_word' id='word_1_236' title='bbox 1141 2596 1429 2648; x_wconf 89' lang='lat' dir='ltr'>Hubaldus</span> <span class='ocrx_word' id='word_1_237' title='bbox 1453 2597 1764 2649; x_wconf 90' lang='lat' dir='ltr'>Hostiensis</span> <span class='ocrx_word' id='word_1_238' title='bbox 1786 2599 2071 2667; x_wconf 91' lang='lat' dir='ltr'>episcopus</span> <span class='ocrx_word' id='word_1_239' title='bbox 2092 2606 2146 2650; x_wconf 91' lang='lat' dir='ltr'>et</span> <span class='ocrx_word' id='word_1_240' title='bbox 2166 2608 2363 2651; x_wconf 83' lang='lat' dir='ltr'>sanctae</span> 
     </span>
     <span class='ocr_line' id='line_1_27' title="bbox 374 2682 2004 2751; baseline 0.001 -17"><span class='ocrx_word' id='word_1_241' title='bbox 374 2683 630 2734; x_wconf 82' lang='lat' dir='ltr'>Romanae</span> <span class='ocrx_word' id='word_1_242' title='bbox 657 2682 891 2734; x_wconf 83' lang='lat' dir='ltr'>ecclesiae</span> <span class='ocrx_word' id='word_1_243' title='bbox 920 2682 1218 2734; x_wconf 88' lang='lat' dir='ltr'>Cardinalis</span> <span class='ocrx_word' id='word_1_244' title='bbox 1245 2690 1299 2734; x_wconf 93' lang='lat' dir='ltr'>et</span> <span class='ocrx_word' id='word_1_245' title='bbox 1327 2682 1638 2734; x_wconf 89' lang='lat' dir='ltr'>Hostiensis</span> <span class='ocrx_word' id='word_1_246' title='bbox 1665 2683 2004 2751; x_wconf 82' lang='lat' dir='ltr'>episcopUS.†</span> 
     </span>
    </p>
   </div>
   <div class='ocr_carea' id='block_1_4' title="bbox 705 2866 2033 2933">
    <p class='ocr_par' dir='ltr' id='par_1_5' title="bbox 705 2866 2033 2933">
     <span class='ocr_line' id='line_1_28' title="bbox 705 2866 2033 2933; baseline 0.002 -17"><span class='ocrx_word' id='word_1_247' title='bbox 705 2867 787 2917; x_wconf 86' lang='lat' dir='ltr'>De</span> <span class='ocrx_word' id='word_1_248' title='bbox 811 2870 989 2916; x_wconf 80' lang='lat' dir='ltr'>sutore</span> <span class='ocrx_word' id='word_1_249' title='bbox 1020 2867 1583 2932; x_wconf 76' lang='lat' dir='ltr'>Constantinopolitano</span> <span class='ocrx_word' id='word_1_250' title='bbox 1595 2866 1903 2933; x_wconf 65' lang='lat' dir='ltr'>fantastica</span> <span class='ocrx_word' id='word_1_251' title='bbox 1943 2866 2033 2918; x_wconf 86' lang='lat' dir='ltr'>xii.</span> 
     </span>
    </p>
   </div>
   <div class='ocr_carea' id='block_1_5' title="bbox 371 2998 2364 3154">
    <p class='ocr_par' dir='ltr' id='par_1_6' title="bbox 371 2998 2364 3154">
     <span class='ocr_line' id='line_1_29' title="bbox 447 2998 2364 3069; baseline 0.002 -17"><span class='ocrx_word' id='word_1_252' title='bbox 447 3000 667 3052; x_wconf 88' lang='lat' dir='ltr'>Circiter</span> <span class='ocrx_word' id='word_1_253' title='bbox 681 2999 823 3051; x_wconf 92' lang='lat' dir='ltr'>idem</span> <span class='ocrx_word' id='word_1_254' title='bbox 840 3007 1055 3068; x_wconf 92' lang='lat' dir='ltr'>tempus</span> <span class='ocrx_word' id='word_1_255' title='bbox 1078 3017 1183 3068; x_wconf 93' lang='lat' dir='ltr'>quo</span> <span class='ocrx_word' id='word_1_256' title='bbox 1207 2998 1503 3051; x_wconf 85' lang='lat' dir='ltr'>Gerbertus</span> <span class='ocrx_word' id='word_1_257' title='bbox 1523 3000 1805 3053; x_wconf 87' lang='lat' dir='ltr'>fantastica</span> <span class='ocrx_word' id='word_1_258' title='bbox 1824 3002 2075 3054; x_wconf 88' lang='lat' dir='ltr'>felicitate</span> <span class='ocrx_word' id='word_1_259' title='bbox 2095 3003 2364 3069; x_wconf 88' lang='lat' dir='ltr'>floruerat,</span> 
     </span>
     <span class='ocr_line' id='line_1_30' title="bbox 371 3085 2364 3154; baseline 0.003 -19"><span class='ocrx_word' id='word_1_260' title='bbox 371 3085 583 3153; x_wconf 86' lang='lat' dir='ltr'>juvenis</span> <span class='ocrx_word' id='word_1_261' title='bbox 623 3104 653 3135; x_wconf 92' lang='lat' dir='ltr'>a</span> <span class='ocrx_word' id='word_1_262' title='bbox 695 3085 1169 3153; x_wconf 86' lang='lat' dir='ltr'>Constantinopoli</span> <span class='ocrx_word' id='word_1_263' title='bbox 1210 3085 1276 3136; x_wconf 92' lang='lat' dir='ltr'>de</span> <span class='ocrx_word' id='word_1_264' title='bbox 1318 3085 1473 3154; x_wconf 91' lang='lat' dir='ltr'>plebe</span> <span class='ocrx_word' id='word_1_265' title='bbox 1519 3093 1688 3150; x_wconf 87' lang='lat' dir='ltr'>sutor,</span> <span class='ocrx_word' id='word_1_266' title='bbox 1729 3094 1783 3138; x_wconf 90' lang='lat' dir='ltr'>et</span> <span class='ocrx_word' id='word_1_267' title='bbox 1825 3087 1966 3140; x_wconf 92' lang='lat' dir='ltr'>illius</span> <span class='ocrx_word' id='word_1_268' title='bbox 2006 3089 2364 3142; x_wconf 85' lang='lat' dir='ltr'>artisomnes</span> 
     </span>
    </p>
   </div>
   <div class='ocr_carea' id='block_1_6' title="bbox 380 3239 2368 3428">
    <p class='ocr_par' dir='ltr' id='par_1_7' title="bbox 380 3239 2368 3428">
     <span class='ocr_line' id='line_1_31' title="bbox 433 3239 2365 3292; baseline 0.003 -15"><span class='ocrx_word' id='word_1_269' title='bbox 433 3239 457 3265; x_wconf 89' lang='lat'><em>*</em></span> <span class='ocrx_word' id='word_1_270' title='bbox 487 3240 714 3279; x_wconf 85' lang='lat' dir='ltr'>Alexander</span> <span class='ocrx_word' id='word_1_271' title='bbox 743 3241 828 3280; x_wconf 89' lang='lat' dir='ltr'>III.</span> <span class='ocrx_word' id='word_1_272' title='bbox 860 3253 940 3279; x_wconf 83' lang='lat' dir='ltr'>was</span> <span class='ocrx_word' id='word_1_273' title='bbox 968 3254 1074 3292; x_wconf 89' lang='lat' dir='ltr'>pope</span> <span class='ocrx_word' id='word_1_274' title='bbox 1101 3241 1206 3280; x_wconf 84' lang='lat' dir='ltr'>from</span> <span class='ocrx_word' id='word_1_275' title='bbox 1238 3244 1342 3284; x_wconf 88' lang='grc'><strong>1159</strong></span> <span class='ocrx_word' id='word_1_276' title='bbox 1396 3255 1477 3282; x_wconf 85' lang='lat' dir='ltr'>was</span> <span class='ocrx_word' id='word_1_277' title='bbox 1511 3243 1676 3282; x_wconf 89' lang='lat' dir='ltr'>Hubald</span> <span class='ocrx_word' id='word_1_278' title='bbox 1704 3243 1883 3283; x_wconf 85' lang='lat' dir='ltr'>cardinal</span> <span class='ocrx_word' id='word_1_279' title='bbox 1912 3245 1959 3283; x_wconf 90' lang='lat' dir='ltr'>of</span> <span class='ocrx_word' id='word_1_280' title='bbox 1989 3245 2049 3284; x_wconf 89' lang='lat' dir='ltr'>St.</span> <span class='ocrx_word' id='word_1_281' title='bbox 2082 3246 2252 3284; x_wconf 84' lang='lat' dir='ltr'>Praxide</span> <span class='ocrx_word' id='word_1_282' title='bbox 2285 3246 2365 3283; x_wconf 88' lang='lat' dir='ltr'>and</span> 
     </span>
     <span class='ocr_line' id='line_1_32' title="bbox 380 3306 2368 3361; baseline 0.004 -18"><span class='ocrx_word' id='word_1_283' title='bbox 380 3309 423 3344; x_wconf 91' lang='lat' dir='ltr'>to</span> <span class='ocrx_word' id='word_1_284' title='bbox 446 3306 561 3343; x_wconf 87' lang='lat'>1181.</span> <span class='ocrx_word' id='word_1_285' title='bbox 1397 3310 1541 3361; x_wconf 86' lang='lat' dir='ltr'>bishop</span> <span class='ocrx_word' id='word_1_286' title='bbox 1568 3310 1614 3349; x_wconf 86' lang='lat' dir='ltr'>of</span> <span class='ocrx_word' id='word_1_287' title='bbox 1641 3310 1773 3350; x_wconf 87' lang='lat' dir='ltr'>Ostia.</span> <span class='ocrx_word' id='word_1_288' title='bbox 1832 3311 1899 3350; x_wconf 90' lang='lat' dir='ltr'>He</span> <span class='ocrx_word' id='word_1_289' title='bbox 1927 3324 2007 3350; x_wconf 83' lang='lat' dir='ltr'>was</span> <span class='ocrx_word' id='word_1_290' title='bbox 2035 3312 2189 3350; x_wconf 87' lang='lat' dir='ltr'>elected</span> <span class='ocrx_word' id='word_1_291' title='bbox 2217 3324 2270 3350; x_wconf 89' lang='lat' dir='ltr'>on</span> <span class='ocrx_word' id='word_1_292' title='bbox 2299 3312 2368 3350; x_wconf 87' lang='lat' dir='ltr'>the</span> 
     </span>
     <span class='ocr_line' id='line_1_33' title="bbox 435 3372 2149 3428; baseline 0.004 -18"><span class='ocrx_word' id='word_1_293' title='bbox 435 3373 463 3419; x_wconf 91' lang='lat'><strong>†</strong></span> <span class='ocrx_word' id='word_1_294' title='bbox 501 3372 761 3412; x_wconf 80' lang='lat' dir='ltr'>Alexander&#39;s</span> <span class='ocrx_word' id='word_1_295' title='bbox 799 3387 1023 3423; x_wconf 84' lang='lat' dir='ltr'>successor,</span> <span class='ocrx_word' id='word_1_296' title='bbox 1054 3374 1205 3415; x_wconf 84' lang='lat' dir='ltr'>Lucius</span> <span class='ocrx_word' id='word_1_297' title='bbox 1240 3376 1340 3423; x_wconf 66' lang='lat'>111„</span> <span class='ocrx_word' id='word_1_298' title='bbox 1401 3377 1464 3415; x_wconf 89' lang='lat' dir='ltr'>lst</span> <span class='ocrx_word' id='word_1_299' title='bbox 1485 3377 1597 3428; x_wconf 87' lang='lat' dir='ltr'>Sept.</span> <span class='ocrx_word' id='word_1_300' title='bbox 1623 3378 1740 3425; x_wconf 81' lang='lat'>1181,</span> <span class='ocrx_word' id='word_1_301' title='bbox 1761 3378 1841 3416; x_wconf 83' lang='lat' dir='ltr'>and.</span> <span class='ocrx_word' id='word_1_302' title='bbox 1856 3378 1947 3418; x_wconf 84' lang='lat' dir='ltr'>died</span> <span class='ocrx_word' id='word_1_303' title='bbox 1966 3379 2009 3417; x_wconf 93' lang='lat' dir='ltr'>in</span> <span class='ocrx_word' id='word_1_304' title='bbox 2031 3379 2149 3417; x_wconf 84' lang='lat'>1185.</span> 
     </span>
    </p>
   </div>
  </div>
 </body>
</html>
