2638 3860
343 375 412 423 80
1058 381 1300 417 GUALTE
1310 383 1370 417 ιιι
1399 381 1598 416 MAPEs
2016 383 2212 434 [Distinc.
2236 384 2298 423 ΙΙ.

344 512 532 564 bilium
570 509 905 564 foeminarum
947 506 1236 558 maximam
1277 507 1526 558 choream
1567 505 1720 558 vidit.
1795 506 1968 559 Erant
2004 516 2183 561 autem
2209 509 2330 578 pul-

344 603 615 656 cherrimae
635 606 869 669 aspectU,
895 605 1228 666 venustoque
1254 597 1442 649 habitu
1469 597 1737 666 eleganter
1762 598 1918 650 cultae
1937 598 2079 651 lineo
2096 607 2326 664 tantum,

340 689 671 757 majoresque
695 683 894 736 nostris
921 690 975 735 et
999 683 1345 752 proceriores,
1423 683 1606 735 Unam
1631 690 1811 735 tamen
1835 683 1977 736 inter
2001 685 2128 737 alias
2171 693 2327 738 nota-

338 772 418 823 vit
459 770 610 821 miles
648 768 936 838 praedictus
978 768 1183 820 caeteris
1241 770 1414 820 forma
1470 766 1710 835 facieque
1757 774 2122 836 praestantem,
2167 787 2329 839 super

338 874 524 908 omnes
563 872 748 923 regum
789 853 1003 906 delicias
1045 852 1468 906 desiderabilem.
1545 852 1859 904 Circuibant
1897 853 2004 905 levi
2029 860 2184 906 motu
2206 873 2327 923 ges-

337 948 501 1010 tuque
520 938 777 1009 jocundo,
804 946 857 991 et
884 939 1140 1008 castigata
1164 956 1315 1003 voce,
1345 938 1638 990 reverendo
1666 944 1933 990 concentu
1960 956 2125 990 sonus
2151 940 2333 992 audie-

334 1025 491 1077 batur
526 1024 696 1088 exiliS,
739 1032 795 1076 at
835 1043 947 1076 non
991 1032 1105 1077 erat
1146 1042 1319 1076 sermo
1364 1041 1547 1076 earum
1589 1023 1957 1093 intelligibilis.
2035 1024 2156 1077 Hac
2192 1025 2326 1090 visa,

334 1111 486 1163 miles
512 1110 704 1179 accipit
727 1110 924 1163 vulnus
949 1110 1006 1162 in
1033 1128 1139 1175 cor,
1180 1127 1409 1179 arcuque
1445 1108 1711 1178 cupidinis
1748 1109 2041 1178 impressos
2078 1110 2171 1162 vix
2210 1129 2328 1163 sus-

333 1196 470 1248 tinet
493 1196 659 1265 igneS,
681 1203 828 1248 totus
855 1196 1179 1261 accenditur,
1199 1203 1346 1248 totus
1373 1194 1484 1246 abit
1508 1194 1563 1247 in
1585 1195 1847 1259 flammaS,
1868 1203 1923 1247 et
1939 1197 2190 1249 afervore
2206 1197 2326 1265 pul-

334 1282 606 1335 cherrimae
631 1281 800 1351 pestis
826 1282 1076 1351 aureique
1097 1281 1417 1333 discriminis
1444 1280 1717 1332 animosus
1744 1281 1986 1334 efficitur.
2063 1281 2325 1337 Gentium

336 1385 537 1419 errores
564 1367 818 1433 audierat,
856 1375 1253 1436 nocturnasque
1277 1366 1569 1435 phalanges
1596 1366 1906 1418 daemonum
1932 1374 1987 1419 et
2023 1368 2325 1420 mortiferas

337 1470 522 1505 eorum
561 1452 814 1517 visioneS,
846 1452 1180 1516 Dictinnam,
1207 1459 1262 1504 et
1289 1459 1464 1504 coetus
1491 1451 1755 1503 Driadum
1797 1460 1853 1504 et
1892 1454 2077 1519 alareS,
2104 1454 2327 1514 edoctus

335 1538 662 1590 offensorum
705 1537 998 1589 vindictam
1031 1536 1317 1588 numinum
1357 1536 1628 1605 quomodo
1674 1537 1867 1589 subitis
1910 1556 2096 1590 eorum
2134 1539 2325 1592 visori-

331 1623 434 1675 bus
462 1622 664 1674 subitas
707 1622 939 1674 inferant
962 1640 1168 1692 poenaS,
1195 1640 1356 1691 quam
1383 1640 1440 1673 se
1465 1621 1670 1673 illibata
1695 1631 2037 1688 conservent,
2063 1632 2118 1676 et
2141 1624 2324 1694 incog-

329 1708 442 1760 nita
480 1715 680 1760 secrete
719 1726 960 1760 seorsum
984 1707 1249 1771 habitent,
1285 1725 1446 1776 quam
1472 1706 1677 1759 invisos
1715 1708 1950 1761 habeant
1975 1709 2067 1779 qui
2105 1710 2327 1763 consilia

332 1813 515 1847 eorum
543 1794 937 1863 deprehendere
976 1800 1239 1846 conantur
1263 1801 1327 1845 ut
1352 1793 1621 1862 detegant,
1660 1793 1924 1846 rimantur
1963 1803 2027 1847 ut
2069 1797 2326 1863 revelent,

334 1887 532 1950 quanta
558 1897 613 1931 se
640 1879 996 1932 sollicitudine
1022 1880 1279 1932 claudunt
1303 1898 1371 1932 ne
1392 1879 1508 1932 visa
1532 1879 1810 1945 vilescant,
1831 1881 2065 1934 ultiones
2085 1882 2326 1934 audierat

334 1974 389 2018 et
412 1965 724 2034 punitorum
750 1966 1024 2034 exempla3
1063 1965 1158 2018 sed
1183 1966 1306 2034 quia
1342 1973 1484 2018 recte
1512 1983 1684 2018 caecus
1710 1966 1906 2036 cupido
1941 1967 2198 2037 pingitur,
2222 1968 2324 2020 im-

332 2068 539 2104 memor
563 2050 804 2102 omnium
829 2051 1092 2102 fantasma
1117 2070 1227 2103 non
1265 2058 1472 2120 pensat,
1513 2052 1747 2104 ultorem
1783 2071 1895 2105 non
1932 2053 2098 2119 videt,
2124 2061 2179 2106 et
2205 2073 2324 2123 quae

331 2138 514 2190 lumen
540 2154 650 2187 non
675 2135 838 2188 habet
863 2136 1087 2188 offendit
1111 2136 1464 2206 improvidus,
1538 2137 1782 2190 Domum
1821 2138 2025 2204 circuit,
2070 2139 2324 2209 adituque

332 2229 543 2292 reperto
568 2221 738 2286 irruit,
764 2222 937 2290 ipsam
961 2222 1102 2292 rapit
1127 2242 1157 2274 a
1183 2241 1287 2292 qua
1323 2223 1545 2292 rapitur,
1585 2230 1639 2275 et
1666 2224 1848 2276 statim
1886 2225 1953 2277 ab
1992 2225 2108 2277 aliis
2139 2225 2325 2295 arripi-

322 2316 437 2372 tur,
465 2315 518 2359 et
558 2307 896 2360 dimicatione
936 2308 1227 2360 fortissima
1271 2308 1521 2360 detentus
1563 2309 1872 2378 aliquandiu
1914 2310 2023 2362 suis
2063 2311 2323 2381 puerique

333 2393 415 2446 sui
454 2392 659 2461 magnis
703 2393 983 2445 conatibus
1022 2393 1260 2463 eripitur,
1298 2412 1398 2447 nec
1438 2394 1661 2447 omnino
1701 2395 1989 2461 indemniS,
2025 2396 2120 2449 sed
2155 2416 2324 2466 quan-

331 2487 450 2532 tum
474 2479 686 2548 possint
710 2480 1048 2532 foeminarum
1074 2499 1281 2549 ungues
1322 2488 1378 2532 et
1412 2481 1601 2533 dentes
1626 2481 1856 2550 pedibus
1894 2483 2054 2534 laesus
2081 2490 2136 2534 et
2160 2483 2324 2548 tibiis,

330 2565 468 2617 hanc
497 2582 678 2616 secum
704 2564 845 2628 tulit,
883 2571 938 2616 et
975 2583 1037 2616 ea
1074 2583 1173 2634 pro
1210 2572 1339 2617 voto
1366 2565 1540 2617 tribus
1567 2565 1756 2617 diebus
1801 2574 1856 2618 et
1892 2566 2143 2618 noctibus
2173 2586 2323 2628 usus,

328 2649 552 2702 verbum
590 2648 656 2701 ab
691 2668 752 2701 ea
778 2657 1092 2718 extorquere
1130 2668 1242 2702 non
1279 2650 1478 2719 potuit,
1516 2668 1675 2719 passa
1711 2658 1891 2703 tamen
1932 2659 2015 2703 est
2052 2670 2322 2704 consensu

329 2734 538 2805 placido
574 2752 825 2786 venerem
861 2734 1154 2803 voluptatis
1192 2735 1328 2803 ejus·
1405 2735 1610 2788 Quarta
1646 2753 1774 2787 vero
1813 2736 1898 2788 die
1935 2737 2115 2788 locuta
2152 2745 2236 2789 est
2273 2738 2323 2790 ei

328 2820 489 2871 verba
530 2819 667 2883 haec,
711 2822 747 2848 “
767 2819 940 2883 Salve,
985 2818 1292 2871 dulcissime
1335 2819 1428 2883 mi,
1473 2827 1528 2871 et
1572 2821 1750 2873 salvus
1799 2821 1920 2886 eriS,
1964 2829 2019 2874 et
2060 2840 2320 2891 prospero

332 2912 475 2956 statu
522 2921 767 2973 personae
816 2921 1100 2973 rerumque
1149 2903 1424 2973 gaudebiS,
1476 2904 1647 2957 donec
1710 2905 2137 2975 inproperaveris
2187 2908 2321 2961 mihi

333 2997 426 3040 aut
451 3006 657 3040 sorores
684 3007 714 3038 a
747 2986 941 3056 quibus
974 2995 1127 3056 rapta
1160 3006 1298 3052 sum,
1333 2996 1427 3040 aut
1465 2989 1645 3041 locum
1679 2998 1773 3042 aut
1805 2991 1987 3043 lucum
2024 2993 2186 3058 unde,
2227 3001 2320 3045 aut

336 3073 509 3141 aliqua
552 3073 757 3125 circiter
790 3073 924 3124 illud
940 3094 955 3139 3
998 3092 1029 3124 a
1078 3072 1163 3125 die
1193 3091 1320 3126 vero
1354 3074 1444 3125 illa
1488 3075 1700 3128 decides
1745 3096 1775 3128 a
1814 3078 2084 3143 felicitate,
2125 3097 2318 3148 meque

334 3156 537 3207 sublata
564 3158 883 3210 detrimento
909 3158 1175 3227 frequenti
1201 3158 1431 3224 deficieS,
1458 3160 1706 3230 diemque
1731 3169 1887 3214 tuum
1912 3163 2320 3232 importunitate

334 3247 428 3291 tua
467 3243 811 3308 praevenies,''
887 3244 987 3296 Ille
1028 3263 1084 3296 se
1116 3244 1361 3296 stabilem
1389 3246 1501 3298 fore
1544 3246 1818 3317 fidumque
1857 3267 2068 3318 semper
2109 3248 2166 3299 in
2208 3249 2319 3301 suis

338 3325 608 3377 amoribus
646 3345 958 3397 quacunque
982 3338 1164 3399 potest
1194 3330 1476 3384 securitate
1514 3333 1797 3400 promittit.
1875 3334 2153 3386 Convocat
2191 3352 2316 3404 ergo
