2638 3860
375 385 473 432 166
1016 414 1020 415 γ
1083 386 1394 423 GUALTERI
1436 384 1636 418 MAPEs
2023 383 2326 434 [Distinc.1V.

368 543 423 587 et
460 534 753 586 secundum
792 528 1086 591 scientiam,
1124 525 1216 595 qui
1254 522 1638 594 praecipitatam
1677 521 1953 573 indiscreti
1990 521 2262 590 pontificis
2302 529 2356 573 et

367 617 604 669 iracundi
631 621 845 667 secutus
873 620 956 663 est
983 610 1320 663 sententiam.
1400 607 1510 660 Qui
1534 613 1720 675 pastor
1746 605 1885 657 ovile
1910 614 2071 673 negat
2096 606 2184 657 ovi
2209 606 2357 658 veni-

366 701 477 754 enti
515 701 579 751 de
606 699 833 760 deserto,
860 714 969 746 non
1008 694 1178 763 aperit
1214 700 1500 760 antequam
1539 689 1776 740 balatum
1815 689 2013 753 audiat,
2052 708 2163 740 non
2202 708 2355 741 suam

367 786 511 847 dicit,
539 782 813 852 cognoscit
852 799 970 833 eam
996 788 1051 832 et
1087 797 1199 830 non
1236 777 1484 846 ignoscit,
1510 776 1677 827 immo
1716 775 1987 844 repulsam
2023 791 2140 825 eam
2168 775 2355 826 antici-

364 872 488 940 pat?
565 868 792 935 Prodigo
830 874 983 936 pater
1020 864 1250 917 occurrit
1284 863 1416 926 filio,
1461 862 1751 914 clementer
1792 859 2134 928 amplectitur
2177 867 2232 911 et
2268 879 2354 912 ac·-

362 962 555 1023 ceptat,
578 953 713 1004 stola
738 951 910 1021 prima
929 950 1091 1002 vestit
1112 957 1166 1000 et
1184 948 1354 1000 vitulo
1377 946 1617 1016 saginato
1640 946 1814 997 satiat.
1869 945 2074 997 Durius
2094 945 2182 996 hic
2201 953 2354 1014 pater

361 1040 663 1091 venientem
702 1037 918 1106 repulit,
948 1035 1155 1105 petenti
1195 1052 1389 1102 panem
1435 1031 1620 1101 objicit
1658 1031 1910 1100 lapidem,
1940 1049 2102 1082 ovum
2143 1030 2352 1099 roganti

361 1126 452 1194 dat
501 1123 872 1192 scorpionem3
923 1140 1035 1173 non
1083 1119 1249 1190 patris
1294 1118 1531 1182 verbera,
1573 1135 1681 1169 non
1735 1116 1917 1170 matris
1959 1116 2141 1181 ubera,
2178 1115 2354 1169 vitrici

357 1209 610 1279 gladium,
635 1226 878 1262 novercae
904 1225 1173 1260 venenum
1198 1205 1415 1276 bajulat.

430 1397 511 1447 De
537 1396 755 1462 quodam
781 1395 1028 1446 monacho
1073 1394 1399 1444 Cluniacensi
1425 1397 1609 1443 contra
1633 1397 1810 1442 votum
1834 1407 1981 1442 suum
2007 1393 2064 1442 in
2090 1392 2280 1442 castris

1141 1480 1406 1530 militanti.
1468 1476 1558 1528 vii.

430 1593 612 1648 Quaeri
639 1593 1006 1661 etiam.potest
1031 1591 1097 1643 de
1136 1591 1306 1642 salute
1349 1589 1598 1641 monachi
1627 1587 2052 1652 CluniacensiS,*
2093 1589 2184 1658 qui
2224 1608 2346 1642 cum

357 1697 413 1730 se
438 1678 512 1729 ibi
548 1678 745 1730 relictis
777 1677 961 1729 multis
1001 1677 1231 1729 castellis
1266 1684 1319 1728 et
1356 1675 1549 1744 opibus
1583 1674 1808 1725 infinitis
1846 1674 2185 1739 reddidisset,
2223 1684 2349 1744 post

356 1782 553 1834 paucos
581 1782 751 1814 annos
777 1783 807 1814 a
832 1763 954 1815 filiis
994 1771 1048 1814 et
1089 1762 1339 1814 omnibus
1380 1780 1489 1812 suae
1530 1768 1685 1812 terrae
1721 1760 2070 1829 optimatibus
2110 1761 2176 1811 ad
2213 1761 2349 1830 regi-

354 1867 477 1899 men
502 1849 697 1900 relictae
724 1848 941 1900 ditionis
979 1848 1256 1916 repetitur,
1296 1846 1546 1916 quatinus
1587 1846 1788 1898 scilicet
1823 1846 2009 1897 habitu
2036 1854 2245 1898 retento
2280 1849 2347 1899 ad

354 1935 747 2003 expeditionem
769 1953 952 1986 eorum
974 1942 1028 1986 et
1048 1933 1329 1985 consilium
1350 1933 1405 1983 in
1428 1932 1614 1984 castris
1634 1932 1844 1996 militet,
1863 1940 1917 1983 et
1936 1932 2120 1983 multis
2139 1933 2346 2002 lachry-

353 2038 559 2070 marum
585 2019 853 2071 instantiis
881 2020 1168 2088 optinetur,
1186 2027 1240 2070 et
1265 2018 1331 2069 ab
1353 2017 1543 2070 abbate
1565 2018 1867 2069 dimittitur.
1943 2017 2105 2068 Exire
2124 2018 2345 2087 jubetur

354 2104 453 2155 sub
480 2123 744 2156 armorum
771 2105 1073 2169 interdicto,
1100 2103 1363 2172 rebusque
1402 2103 1701 2155 reformatis
1741 2104 1807 2154 ad
1841 2121 2028 2171 pacem
2069 2104 2134 2154 ad
2173 2104 2344 2172 poeni-

344 2189 565 2241 tentiam
591 2190 799 2241 reverti.
877 2191 1145 2258 Receptus
1170 2189 1331 2258 igitur
1355 2189 1412 2240 in
1439 2188 1624 2241 castris
1661 2188 2054 2240 formidabilem
2090 2188 2341 2240 hostibus

345 2292 610 2325 rumorem
636 2275 777 2337 tulit,
804 2282 915 2326 erat
941 2275 1083 2326 enim
1108 2274 1189 2325 vir
1215 2274 1392 2343 magni
1418 2274 1626 2326 consilii
1651 2281 1706 2325 et
1730 2274 1998 2326 acerrimae
2034 2274 2340 2343 probitatis,

350 2358 671 2411 Convocatis
707 2378 829 2427 ergo
867 2359 977 2410 suis
1019 2367 1073 2411 et
1107 2359 1291 2412 alienis
1327 2378 1675 2428 quoscunque
1710 2359 1907 2429 potuit,
1939 2360 1994 2410 in
2033 2360 2263 2412 latentes
2290 2367 2344 2411 et

346 2446 714 2513 praestolantes
755 2446 885 2514 quid
925 2446 1035 2510 fiat,
1076 2446 1321 2515 insurgit,
1364 2446 1667 2515 rapidisque
1708 2446 1837 2497 furit
1876 2446 1932 2497 in
1958 2447 2143 2498 hostes
2169 2448 2342 2515 irrup-

348 2530 600 2595 tionibus,
628 2532 932 2599 frequenter
958 2531 1129 2582 assilit
1154 2540 1208 2583 et
1226 2531 1281 2582 in
1304 2532 1561 2583 instantia
1579 2531 1835 2600 perdurat
1859 2531 2084 2596 fortiter,
2110 2532 2254 2583 unde
2279 2532 2343 2583 fit

346 2624 407 2666 ut
446 2634 585 2683 saepe
624 2616 868 2667 conficiat
907 2635 1040 2685 quos
1077 2617 1308 2686 impares
1346 2617 1584 2668 inveniat
1623 2617 1833 2668 astutiae
1871 2618 1957 2668 vel
1993 2617 2340 2669 fortitudinis,

349 2700 528 2751 Indies
556 2701 936 2753 convalescunt
979 2719 1044 2753 ex
1086 2702 1371 2753 afflictione
1398 2721 1532 2770 quos
1565 2701 1681 2770 ipse
1722 2709 1921 2764 tuetur,
1957 2709 2020 2752 ut
2059 2702 2203 2752 illam
2242 2720 2339 2770 pro

345 2784 670 2837 beatitudine
717 2805 1059 2838 successuum
1117 2805 1304 2855 pacem
1347 2794 1401 2837 et
1441 2785 1781 2837 concordiam
1822 2785 2048 2837 timeant
2098 2787 2338 2838 hostium

347 2888 502 2936 quam
540 2871 595 2922 in
630 2872 745 2939 ejus
784 2871 1086 2939 optaverint
1120 2872 1371 2922 adventu.
1449 2871 1723 2923 Confectis
1762 2872 1980 2923 tandem
2007 2872 2258 2924 omnibus
2285 2882 2340 2926 et

347 2955 410 3004 ad
432 2955 619 3022 jugum
661 2957 770 3008 fere
810 2957 1007 3008 coactis
1043 2957 1289 3021 inimicis,
1316 2957 1372 3008 in
1412 2957 1536 3008 dolo
1576 2965 1768 3025 petunt
1797 2957 2055 3009 inducias.
2130 2959 2342 3011 Annuit

345 3039 449 3102 ille,
487 3041 794 3109 juratasque
836 3042 1002 3092 donat
1039 3049 1093 3092 et
1119 3041 1359 3110 suscipit.
1441 3042 1828 3093 Verumtamen
1853 3042 1929 3093 illi
1970 3043 2107 3095 diem
2137 3062 2335 3112 praeve-

347 3134 540 3176 nerunt
576 3125 926 3190 induciarum,
954 3126 1176 3177 collecto
1204 3126 1338 3178 clam
1378 3135 1789 3196 quantocunque
1827 3136 2058 3196 possunt
2084 3128 2337 3191 exercitU‚

400 3275 425 3297 ²*
452 3275 550 3313 This
569 3276 602 3314 is
621 3277 689 3314 the
709 3290 817 3315 same
837 3282 950 3328 story
968 3278 1100 3316 which
1124 3278 1197 3317 has
1226 3279 1328 3317 been
1357 3279 1519 3330 already
1538 3280 1705 3326 related,
1727 3280 1881 3330 though
1910 3293 1933 3319 a
1958 3281 2062 3319 little
2090 3281 2334 3332 differently,

346 3340 388 3378 in
410 3341 583 3380 Distinc.
610 3343 642 3380 l.
665 3357 701 3382 e.
725 3345 787 3381 14.
