2638 3860
310 429 414 475 234
1019 436 1330 471 GUALTERI
1360 434 1559 469 MAPEs
1994 435 2191 486 [Distinc.
2213 435 2267 474 V.

309 577 584 647 pacificata
629 575 866 628 Pictavia
898 581 1023 643 post
1063 580 1293 625 mortem
1345 572 1487 624 illius
1532 571 1756 640 preclari
1787 571 2020 636 Patricii,
2046 572 2310 624 tenuerim

313 681 428 715 eam
456 670 510 713 et
534 663 599 712 ad
627 667 892 730 praecepta
919 677 1014 709 sua
1040 658 1322 726 coegerim,
1350 675 1473 708 cum
1501 656 1603 707 dici
1632 656 1818 719 soleat,

739 768 833 806 Non
853 767 984 804 minor
1002 768 1064 804 est
1082 765 1210 804 virtus
1230 776 1352 815 quam
1372 776 1552 815 quaerere
1571 767 1688 814 parta
1707 763 1853 801 tueri-⁵*

316 856 536 924 Semper
561 863 739 908 autem
766 874 862 924 ego
889 854 1099 922 meique
1131 851 1351 904 domino
1391 870 1512 904 meo
1554 852 1784 921 propriis
1825 851 2177 903 militavimus
2217 852 2313 903 sti-

313 940 539 1009 pendiiS,
550 958 747 1009 suaque
764 938 919 990 nobis
939 939 1188 990 decenter
1204 936 1383 988 oblata
1397 935 1806 1004 resignavimUS,
1818 944 1872 988 et
1890 935 2196 1004 ubicunque
2213 954 2312 987 nos

311 1025 522 1076 vocavit
541 1026 830 1077 necessitas
852 1024 1056 1076 assilire
1073 1023 1160 1075 vel
1178 1022 1333 1087 tueri,
1354 1022 1554 1073 fuimus
1577 1021 1763 1090 primis
1784 1021 1840 1072 in
1859 1022 2005 1073 omni
2026 1039 2316 1091 congressu

314 1109 514 1177 priores
535 1119 628 1162 aut
647 1119 788 1163 certe
805 1129 978 1179 pareS.
1054 1110 1182 1161 Non
1210 1117 1389 1159 autem
1417 1108 1531 1159 haec
1553 1108 1734 1159 credat
1759 1107 1812 1158 in
1843 1115 1926 1159 tot
1953 1116 2007 1159 et
2031 1108 2196 1159 tantis
2224 1125 2316 1159 ex-

315 1195 545 1246 aminata
561 1196 747 1247 militia
765 1195 992 1265 superbe
1010 1195 1095 1247 vel
1111 1201 1416 1262 arroganter
1433 1211 1518 1244 me
1535 1193 1873 1245 vociferasse.
1918 1194 2024 1245 Sed
2040 1193 2316 1245 hominem

315 1280 508 1331 auditis
525 1289 847 1345 accusatum,
859 1289 914 1333 et
930 1299 1107 1332 coram
1123 1279 1320 1331 invidis
1340 1279 1449 1330 suis
1468 1286 1522 1330 et
1539 1278 1927 1330 detractoribus
1945 1279 2077 1331 irate
2092 1279 2318 1348 loquen-

314 1373 442 1429 tem,
471 1365 580 1416 suis
607 1367 951 1418 extollentem
981 1383 1036 1416 se
1062 1364 1265 1416 meritis
1291 1382 1402 1415 non
1429 1362 1676 1432 superbe,
1701 1381 1813 1414 non
1839 1363 1904 1414 ad
1937 1363 2176 1432 gloriam,
2203 1381 2314 1414 non

314 1469 467 1514 vane,
485 1452 578 1502 sed
604 1459 666 1502 ut
689 1469 978 1520 provocem
999 1450 1257 1519 palpones
1284 1468 1464 1501 coram
1489 1449 1697 1518 positos
1719 1455 1774 1500 et
1798 1449 1915 1501 haec
1938 1449 2235 1513 audientes,
2255 1457 2318 1500 ut

317 1535 361 1586 si
387 1536 514 1604 quid
539 1537 739 1588 habent
766 1537 940 1588 meriti
965 1537 1051 1588 vel
1075 1554 1213 1587 verae
1235 1535 1507 1605 jactantiae
1534 1535 1709 1603 palam
1730 1535 2028 1587 edisserant
2054 1543 2108 1587 et
2133 1554 2230 1604 pro
2259 1554 2316 1587 se

315 1620 456 1672 bona
482 1641 600 1690 quae
637 1622 815 1690 negari
854 1641 962 1673 non
1005 1622 1217 1691 possint
1254 1622 1500 1690 allegent,
1528 1628 1621 1672 aut
1656 1628 1798 1673 certe
1839 1621 2103 1673 desistant
2129 1640 2221 1673 eos
2257 1621 2314 1672 in

317 1706 525 1757 occulto
559 1707 824 1775 persequi,
852 1725 984 1775 quos
1027 1707 1083 1757 in
1128 1706 1413 1757 manifesto
1457 1705 1608 1774 sequi
1634 1705 1721 1757 vel
1759 1706 1942 1757 audire
1968 1705 2316 1757 formidant.’'

319 1790 543 1842 Secutus
582 1798 665 1842 est
704 1791 864 1859 igitur
910 1790 1205 1843 orationem
1249 1790 1387 1841 hanc
1425 1808 1669 1840 murmur
1714 1790 1935 1850 multUS,
1976 1797 2030 1842 et
2070 1791 2314 1842 omnium

317 1876 497 1927 vultus
523 1876 874 1927 intendebant
914 1876 969 1926 in
996 1895 1135 1927 eum.
1214 1877 1331 1926 Rex
1371 1884 1551 1926 autem
1593 1875 1683 1938 ait,
1711 1875 1992 1927 “Justum
2033 1876 2156 1927 volo
2200 1876 2316 1928 fieri

313 1961 573 2029 judicium
601 1981 666 2013 ex
702 1963 786 2013 his
813 1981 931 2032 quae
976 1962 1117 2013 dicta
1158 1968 1303 2025 sunt,
1330 1968 1392 2011 ut
1417 1978 1516 2011 nec
1542 1978 1723 2011 amore
1748 1978 1846 2012 nec
1874 1960 1997 2012 odio
2026 1961 2311 2030 quicquam

321 2047 603 2099 definiatur
626 2048 888 2116 iniquum.
967 2047 1240 2098 Memores
1282 2054 1462 2097 autem
1507 2046 1563 2097 in
1606 2046 1710 2097 hoc
1754 2065 1883 2098 casu
1908 2065 2005 2098 vos
2041 2066 2134 2098 oro
2181 2048 2316 2112 fieri,

321 2134 465 2201 quod
492 2152 614 2184 cum
642 2134 874 2184 Parisius
914 2133 970 2184 in
1008 2132 1246 2201 hospitio
1272 2150 1393 2183 meo
1421 2131 1671 2182 dominus
1699 2150 1851 2183 meus
1889 2132 2196 2185 Lodovicus
2222 2152 2316 2185 rex

322 2226 376 2269 et
402 2236 498 2286 ego
526 2219 972 2283 consedissemuS,
999 2225 1206 2269 astante
1242 2216 1398 2268 nobis
1443 2216 1697 2285 pincerna
1722 2235 1861 2281 meo,
1890 2217 2070 2269 subito
2094 2219 2315 2271 domum

321 2302 590 2370 ingressus
617 2302 940 2354 Willielmus
978 2320 1156 2353 comes
1186 2301 1579 2369 Hyrundella,†
1604 2319 1790 2353 recens
1818 2321 1847 2353 a
1875 2302 2052 2354 reditu
2092 2303 2129 2356 J
2133 2322 2315 2355 erusa-

322 2387 445 2451 lem,
473 2407 630 2456 quem
656 2407 815 2440 nemo
841 2396 1085 2440 nostrum
1124 2387 1329 2438 viderat
1372 2387 1603 2439 triennio
1629 2389 1920 2456 praeterito,
1947 2389 2105 2441 nobis
2144 2390 2320 2442 brevi-

323 2481 404 2524 ter
448 2474 687 2525 sal-utatis
725 2474 921 2543 pallam
963 2474 1207 2525 villosam
1265 2492 1423 2541 quam
1480 2473 1770 2525 sclavinam
1823 2474 2107 2527 nominant
2161 2477 2320 2528 velox

325 2558 535 2628 abjecit,
563 2569 615 2611 et
640 2561 754 2612 vasi
780 2560 891 2611 vini
931 2559 1148 2629 rapidus
1189 2558 1422 2622 inhaesit,
1449 2561 1865 2629 pincernamque
1897 2561 2234 2627 renitentem,
2259 2571 2322 2614 ut

325 2652 437 2696 erat
476 2665 699 2714 magnus
745 2654 799 2697 et
839 2645 1009 2710 fortis,
1047 2645 1287 2714 impulsu
1332 2645 1542 2713 dejecit,
1568 2645 1898 2715 flectensque
1940 2665 2114 2715 genua
2140 2666 2318 2699 coram

327 2730 544 2782 domino
587 2749 707 2800 rege
753 2732 1080 2783 Francorum
1124 2730 1423 2794 subintulit,
1466 2734 1481 2758 ‘
1499 2730 1735 2782 Domine
1781 2731 1855 2782 mi
1898 2750 2009 2796 rex,
2050 2733 2195 2801 quod
2233 2733 2322 2785 hic

326 2817 497 2884 agitur
522 2835 631 2868 non
663 2825 746 2868 est
772 2835 1023 2868 excessus
1067 2824 1160 2867 aut
1201 2816 1512 2868 reverentiae
1556 2824 1749 2868 vestrae
1793 2825 2138 2887 contemptus
2157 2839 2173 2882 3
2219 2819 2320 2871 scit

329 2902 576 2953 dominus
604 2922 754 2955 meus
781 2921 872 2954 rex
900 2903 1043 2971 quod
1071 2903 1135 2954 de
1156 2902 1276 2971 jure
1304 2902 1645 2953 decessorum
1674 2920 1916 2954 meorum
1944 2903 2320 2972 pincernarum

327 2987 575 3056 princeps
622 3006 741 3038 sum
782 2995 836 3039 et
884 2987 1088 3055 primus
1116 3007 1130 3051 3
1194 2985 1280 3037 hic
1321 2993 1501 3037 autem
1545 3003 1704 3054 quem
1760 2986 1927 3055 dejeci
1970 2989 2321 3058 praesumpsit

330 3081 631 3141 arroganter
677 3073 777 3124 sibi
815 3073 905 3142 jus
948 3091 1126 3124 meum
1163 3090 1283 3123 cum
1313 3071 1560 3135 detinuit,
1604 3072 1748 3140 quod
1776 3072 2036 3125 obtulisse
2063 3073 2321 3126 debuerat

329 3176 438 3208 non
464 3159 685 3226 petenti.
776 3158 863 3210 Sic
891 3166 945 3209 et
969 3158 1085 3209 haec
1110 3157 1199 3208 ille
1226 3157 1551 3208 Willielmus
1597 3165 1652 3209 et
1690 3177 1720 3209 a
1757 3165 1908 3210 tanta
1946 3159 2090 3210 curia
2122 3177 2319 3211 nomen

384 3268 408 3294 *
440 3270 673 3318 Ovid‚A1·t.
696 3271 832 3309 Amat.
857 3271 898 3309 ii.
924 3272 987 3309 13.
1349 3282 1465 3308 name
1493 3270 1528 3308 is
1557 3270 1651 3309 here
1677 3272 1782 3321 spelt
1811 3284 1940 3311 seems
1969 3276 2012 3310 to
2040 3275 2322 3311 countenance

382 3337 410 3382 †
436 3338 536 3375 This
556 3344 664 3376 must
687 3339 734 3377 be
753 3338 932 3377 William
962 3338 1011 3375 de
1033 3338 1183 3385 Albini,
1203 3338 1292 3375 first
1348 3339 1417 3377 the
1437 3338 1660 3377 derivation
1688 3339 1806 3388 given
1825 3340 1868 3377 in
1887 3340 1958 3378 the
1978 3340 2046 3378 old
2066 3352 2254 3379 romanoe
2275 3340 2323 3379 of

331 3403 412 3442 earl
436 3404 480 3441 of
504 3404 698 3443 Arundel.
766 3405 851 3443 The
880 3417 963 3455 way
991 3405 1033 3442 in
1064 3405 1193 3443 which
1224 3406 1292 3442 the
1348 3405 1483 3452 Bevis,
1500 3416 1546 3443 or
1565 3407 1606 3442 at
1625 3406 1726 3444 least
1741 3409 1783 3444 to
1797 3406 1903 3444 shew
1919 3419 1941 3444 a
1956 3407 2196 3458 knowledge
2216 3407 2263 3446 of
2271 3408 2321 3449 it.
