2638 3860
372 413 475 461 206
1087 418 1395 455 GUALTEm
1437 415 1638 451 MAPEs
2062 415 2263 465 [Distinc.
2280 414 2333 452 V.

371 565 710 617 committant
753 568 953 614 secreta
986 559 1170 623 servis,
1215 557 1338 627 quia
1365 557 1562 609 servire
1586 555 1780 607 volunt
1815 551 1979 617 vitiis,
2017 561 2073 605 et
2096 554 2360 605 virtutum

370 652 580 720 fugiunt
604 650 900 701 libertatem
922 667 935 710 3
987 654 1059 709 et,
1089 652 1152 696 ut
1190 645 1351 713 vulgo
1397 643 1608 706 dicitur,
1636 639 1825 692 similis
1872 639 2099 690 similem
2153 640 2361 708 quaerit.

373 734 634 790 Quaesivit
675 730 997 783 Edmundus
1047 729 1274 780 similem
1320 727 1431 778 suis
1470 728 1526 778 in
1570 727 1847 794 voluptate
1891 724 2151 787 moribus,
2189 725 2356 775 immo

368 820 528 882 vitiis,
539 826 592 869 et
607 817 844 885 praefecit
854 815 1010 867 curiae
1022 832 1130 865 suae
1146 813 1325 865 liberis
1344 813 1617 864 hominem
1640 811 1844 863 servilis
1862 818 1916 861 et
1935 810 2156 878 abjectae
2173 809 2358 860 condi-

367 904 545 967 tionis,
564 903 653 971 qui
679 921 799 954 cum
819 901 885 952 ab
911 901 1029 969 ipso
1051 900 1244 951 multas
1271 907 1326 950 et
1350 899 1646 966 insperatas
1673 905 1728 948 et
1751 895 2100 964 ignobilitatis
2127 895 2358 963 impares

367 997 508 1039 esset
556 994 830 1038 assecutus
887 984 1206 1054 opulentias,
1263 1003 1370 1034 una
1427 983 1647 1034 tandem
1690 980 1891 1050 placuit
1934 980 2090 1048 regiae
2143 997 2356 1032 coronae

365 1071 544 1123 villula
565 1071 960 1134 Minstrewrda‚
996 1088 1156 1138 super
1183 1068 1480 1131 Sabrinam,
1506 1067 1678 1118 tribus
1706 1085 1736 1116 a
1759 1065 2096 1117 Gloucestria
2122 1065 2358 1117 milibus.

369 1158 525 1208 Hanc
550 1156 707 1225 petiit
732 1163 787 1207 et
822 1156 879 1206 in
911 1174 1171 1225 responso
1210 1155 1354 1223 regio
1390 1154 1493 1205 etsi
1527 1172 1637 1204 non
1679 1151 1999 1203 ablationem
2043 1151 2356 1203 dilationem

365 1242 583 1292 audivit.
674 1241 916 1293 Rabidus
959 1241 1121 1309 igitur
1162 1240 1289 1291 inde
1332 1239 1650 1306 rabidasque
1690 1237 1891 1305 colligit
1930 1237 2052 1300 iras,
2092 1248 2145 1288 et
2195 1255 2357 1305 quem

366 1325 567 1376 domini
605 1326 754 1377 favor
790 1325 1025 1393 injustus
1063 1326 1208 1375 fatue
1249 1342 1357 1374 non
1397 1323 1673 1391 superbire
1716 1322 1811 1372 sed
1836 1321 2069 1372 insanire
2096 1329 2356 1389 coegerat,

366 1410 653 1461 meditatus
675 1418 758 1460 est
776 1409 1112 1478 iniquitatem
1137 1409 1190 1458 in
1215 1407 1378 1459 cubili
1405 1426 1521 1471 suo,
1549 1426 1708 1476 quam
1731 1407 2010 1474 concipere
2036 1424 2145 1456 non
2174 1413 2360 1474 posset

363 1495 587 1546 infinitis
615 1494 821 1563 injuriis
847 1495 973 1545 laesa
998 1493 1247 1556 libertas3
1277 1493 1456 1543 clausa
1478 1502 1605 1543 sunt
1632 1492 1798 1543 muris
1824 1492 1987 1543 aeneis
2015 1492 2176 1543 corda
2202 1491 2358 1543 nobi-

364 1580 515 1643 lium,
537 1598 671 1647 quos
698 1579 915 1641 invidia,
941 1597 1050 1629 non
1073 1577 1315 1641 ambitio,
1349 1595 1459 1628 non
1485 1577 1784 1646 iniquitatis
1812 1577 2108 1645 corrumpit
2128 1585 2359 1639 acetum,

366 1665 509 1715 unde
536 1682 652 1715 raro
696 1663 969 1716 beneficiis
1010 1663 1203 1732 ingrati
1228 1663 1496 1726 videntur,
1522 1663 1770 1731 quamvis
1797 1663 2052 1714 maleficis
2079 1661 2360 1714 inveniant

364 1750 693 1818 patientiam,
735 1750 1028 1801 animarum
1071 1767 1198 1800 vero
1246 1748 1523 1800 servitium
1567 1758 1660 1800 aut
1697 1750 1857 1801 nullae
1900 1758 2027 1800 sunt
2069 1767 2222 1816 sepes
2264 1754 2359 1798 aut

366 1837 554 1887 dirutae
597 1836 752 1886 furtis
801 1836 1001 1905 rapinis
1037 1835 1346 1902 caeterisque
1396 1835 1594 1903 perviae
1637 1844 1765 1886 sunt
1806 1834 2085 1903 injustitiae
2126 1833 2356 1896 filiabus,

368 1922 530 1973 decus
567 1930 621 1972 et
655 1921 883 1972 dedecus
916 1921 1108 1972 librare
1143 1928 1516 1983 contemnunt,
1556 1920 1647 1971 illo
1682 1921 1920 1988 pessimo
1965 1918 2206 1971 contenti
2241 1936 2359 1969 ver-

366 2006 530 2057 siculo

533 2042 548 2067 ²
836 2076 999 2127 Jupiter
1016 2089 1102 2115 esse
1123 2076 1236 2127 pium
1257 2077 1397 2115 statuit
1416 2076 1686 2126 quodcunque
1701 2076 1877 2125 juvaret.

443 2157 565 2207 Hoc
600 2162 685 2206 est
723 2155 896 2206 zabuli
930 2155 1004 2207 sic
1038 2155 1402 2224 evangelicum
1438 2154 1505 2206 ab
1549 2156 1727 2218 Evon,
1754 2173 1793 2206 V
1821 2162 2174 2216 consonante,
2214 2155 2358 2223 quod

367 2250 450 2293 est
485 2242 631 2292 furor
666 2241 1093 2309 interpretatum,
1132 2241 1275 2291 unde
1303 2241 1548 2292 Bacchus
1579 2241 1736 2292 Evan
1775 2241 1986 2304 dicitur,
2024 2258 2135 2292 non
2174 2241 2358 2292 Evan-

366 2327 563 2397 gelium
597 2326 820 2377 Domini
857 2326 895 2377 J
898 2345 992 2377 esu
1031 2326 1208 2394 posito
1236 2326 1318 2377 bis
1345 2344 1383 2378 v
1409 2326 1597 2389 vocali,
1625 2327 1691 2378 ab
1718 2345 1802 2390 eu,
1829 2327 1973 2395 quod
2012 2334 2096 2378 est
2133 2326 2357 2390 bonum,

368 2413 511 2482 quod
548 2410 926 2462 abstinentiam
963 2411 1120 2462 docet
1150 2429 1181 2461 a
1214 2411 1367 2461 malis
1402 2419 1456 2462 et
1487 2412 1541 2461 in
1567 2410 1726 2462 bonis
1753 2411 2081 2462 instantiam.
2158 2411 2356 2462 Servus

365 2499 452 2549 hic
478 2498 718 2548 ultronea
743 2514 979 2560 versanS,
1006 2497 1127 2547 odia
1153 2497 1368 2547 tandem
1396 2497 1450 2547 in
1478 2515 1586 2547 una
1612 2496 1814 2564 quievit
1834 2496 2117 2560 sententia,
2143 2504 2357 2565 peracta

367 2602 548 2653 regum
602 2583 985 2646 recordatione,
1036 2583 1232 2633 meitus
1275 2583 1510 2651 pessima
1566 2583 1783 2647 scilicet,
1833 2591 1896 2634 ut
1941 2592 2212 2651 superstes
2263 2582 2359 2634 fiat

366 2670 564 2720 mortui
614 2669 800 2731 haeres,
843 2686 1042 2737 suaque
1079 2668 1205 2719 fecit
1246 2668 1591 2736 superstitem
1637 2687 1798 2737 opera
1834 2669 2132 2731 Chnutum,
2176 2668 2355 2736 ipsum

369 2754 450 2805 sui
470 2754 716 2822 judicans
741 2753 903 2803 animi
930 2752 1136 2820 sibique
1173 2752 1400 2804 similem
1436 2753 1687 2821 quatinus
1725 2761 1784 2803 ut
1819 2753 1935 2821 ipse
1970 2753 2099 2803 totis
2139 2752 2358 2803 hsmori-

366 2838 468 2889 bus
503 2847 724 2906 totoque
762 2838 882 2889 Deo
920 2837 1227 2906 postposito
1265 2844 1441 2888 totum
1482 2837 1678 2905 cupiat,
1715 2837 1858 2887 uniri
1896 2836 1998 2888 sibi
2035 2854 2277 2904 regnum,
2303 2844 2358 2888 et

365 2924 421 2974 in
447 2924 743 2974 mercedem
767 2922 1064 2990 iniquitatis
1091 2922 1332 2990 accipiat,
1359 2922 1559 2990 absque
1586 2922 1896 2973 difficultate
1916 2922 2002 2973 vel
2027 2940 2193 2985 mora,
2211 2922 2357 2990 quod

367 3008 415 3060 ei
453 3008 700 3059 dominus
740 3008 863 3059 dare
903 3008 1196 3060 distulerat.
1274 3008 1401 3058 Fuit
1438 3017 1618 3059 autem
1655 3007 1743 3059 hic
1784 3008 2027 3059 modus*
2103 3007 2356 3059 Chnutus

369 3093 708 3144 Lundoniam
746 3102 801 3144 et
836 3093 953 3144 illas
991 3100 1139 3144 trans
1182 3093 1476 3144 Hichenild
1511 3102 1692 3161 partes
1737 3093 1988 3156 habebat,
2029 3093 2355 3144 Edmundus

369 3178 511 3240 alias,
531 3180 673 3229 unde
699 3180 835 3230 forte
852 3179 1086 3248 cupitam
1112 3179 1257 3231 illam
1286 3179 1723 3230 Minstrewrdam
1741 3179 1908 3243 venit,
1926 3180 2079 3248 cujus
2097 3197 2213 3248 ego,
2234 3180 2355 3231 Deo

423 3285 447 3312 *
475 3287 573 3325 This
609 3288 643 3326 is
666 3301 689 3326 a
718 3302 813 3340 very
850 3290 1013 3328 curicus
1038 3295 1149 3340 story
1187 3290 1233 3328 of
1259 3290 1328 3328 the
1384 3289 1585 3339 siderably
1605 3290 1712 3327 from
1733 3289 1802 3328 the
1824 3291 1940 3328 usual
1968 3295 2176 3330 accounts.
2235 3290 2357 3330 Com-

370 3353 488 3390 death
503 3354 548 3391 of
564 3354 753 3393 Edmund
771 3357 966 3403 Imusidc,
982 3357 1060 3396 and
1076 3358 1212 3397 differs
1228 3370 1328 3397 con·
1385 3370 1480 3407 pare
1499 3358 1590 3397 that
1609 3358 1655 3397 of
1671 3358 1848 3406 Gaimar,
1866 3359 1893 3397 l.
1914 3359 2036 3397 4401.
