2638 3860
363 377 463 423 144
1064 381 1375 418 GUALTEm
1405 379 1603 413 MAPEs
2026 379 2222 429 [Distinc.
2247 378 2322 416 IV.

352 544 477 595 pars
503 526 738 589 adversa,
765 541 924 592 quam
950 522 1039 572 ille
1066 528 1193 572 tuus
1221 537 1327 588 quo
1353 519 1410 569 in
1437 535 1523 568 me
1549 515 1854 568 accenderis
1876 536 1891 579 3
1932 535 1999 568 ne
2038 518 2208 586 major
2251 517 2350 567 mi-

357 628 540 662 norem
567 611 631 661 ad
658 628 714 661 se
738 608 933 670 trahat,
960 614 1014 658 et
1038 623 1270 674 peream,
1296 602 1442 671 loqui
1467 601 1772 670 prohibeor.
1836 601 1918 653 Ut
1945 602 2138 670 spiritu
2164 603 2354 670 loquar

361 714 466 764 quo
493 703 616 746 tuus
644 712 779 757 sum,
806 699 1100 761 pensentur
1124 691 1274 759 ignes
1300 690 1450 740 lance
1478 686 1715 756 qualibet
1739 686 1948 754 aequali,
1973 687 2061 738 vel
2083 687 2350 756 inaequali,

353 787 588 831 vertatur
612 778 908 847 periculum
947 776 1135 845 capitis
1174 775 1297 827 mei.
1375 772 1647 841 Quicquid
1673 790 1815 839 agaS,
1843 771 2097 840 quicquid
2117 773 2347 840 judiceS,

352 862 736 932 indulgendum
782 869 864 913 est
907 860 1057 924 mihi,
1108 859 1199 929 qui
1241 877 1351 929 prae
1393 857 1590 909 amoris
1634 856 1973 926 impatientia
2013 863 2187 909 tacere
2235 875 2347 909 non

349 966 588 1017 possum.

423 1031 600 1083 Prima
623 1031 782 1101 primi
807 1050 943 1083 uxor
968 1031 1122 1095 Adae,
1142 1038 1267 1099 post
1283 1029 1511 1099 primam
1538 1028 1774 1080 hominis
1803 1028 2143 1093 creationem,
2169 1028 2344 1097 primo

346 1126 564 1187 peccato
581 1118 752 1187 prima
769 1118 928 1170 solvit
947 1117 1152 1186 jejunia
1172 1124 1357 1168 contra
1374 1123 1706 1184 praeceptum
1724 1114 1967 1166 Domini.
2038 1115 2346 1167 Parentavit

345 1203 725 1267 inobedientia,
753 1221 870 1271 quae
897 1202 1027 1253 citra
1066 1201 1256 1252 mundi
1282 1200 1573 1252 terminum
1615 1218 1728 1251 non
1772 1200 1999 1251 absistet
2038 1219 2344 1269 expugnare

344 1288 606 1352 foeminaS,
633 1295 687 1339 et
713 1287 822 1339 sint
849 1304 1059 1356 semper
1083 1287 1366 1338 indefessae
1394 1286 1602 1338 trahere
1627 1286 1683 1336 in
1711 1286 2169 1354 consequentiam,
2197 1287 2341 1355 quod

348 1392 378 1424 a
402 1373 573 1442 prima
598 1380 766 1424 matre
794 1391 890 1423 sua
915 1379 1208 1423 traxerunt.
1282 1371 1489 1434 Amice,
1508 1371 1832 1423 contumelia
1850 1371 1950 1423 viri
1970 1380 2054 1423 est
2073 1391 2209 1423 uxor
2224 1372 2342 1423 ino-

344 1458 582 1510 bediens.
659 1458 803 1510 Cave
843 1457 957 1508 tibi.
1033 1457 1245 1508 Veritas
1281 1475 1399 1526 quae
1439 1457 1549 1507 falli
1584 1475 1696 1508 non
1729 1465 1929 1525 potest,
1965 1457 2042 1509 ait
2079 1459 2145 1510 de
2181 1457 2340 1510 beato

344 1543 538 1607 David,
579 1542 772 1594 Inveni
809 1542 984 1595 virum
1023 1541 1320 1593 secundum
1359 1559 1451 1593 cor
1489 1559 1669 1592 meum
1691 1562 1705 1606 3
1728 1543 1761 1580 *
1799 1542 1887 1593 hic
1925 1540 2340 1612 tamenegregie

341 1627 702 1697 praecipitatus
742 1635 826 1679 est
864 1644 1043 1678 amore
1082 1625 1320 1678 mulieris
1366 1625 1433 1677 ab
1470 1626 1734 1678 adulterio
1776 1626 1833 1677 in
1870 1627 2243 1692 homicidium,
2270 1646 2339 1680 ne

341 1731 576 1781 unquam
604 1713 716 1764 sola
742 1712 962 1764 veniant
1000 1712 1264 1763 scandala.
1338 1712 1509 1764 Dives
1549 1719 1633 1763 est
1677 1712 1823 1764 enim
1864 1713 2043 1765 omnis
2082 1713 2336 1783 iniquitas

343 1799 595 1851 societate
631 1798 880 1867 plurima,
919 1805 974 1850 et
1011 1815 1384 1866 quamcunque
1422 1798 1645 1849 domurn
1694 1798 1975 1852 intraverit
2017 1799 2129 1850 suis
2171 1800 2335 1852 tradit

342 1884 788 1952 coinquinandam
813 1887 846 1944 †
887 1883 1153 1934 convitiiS.
1227 1882 1435 1947 Amice,
1462 1883 1730 1935 Bersabee
1758 1884 1925 1948 siluit,
1950 1885 2006 1935 in
2034 1885 2183 1937 nullo
2222 1905 2335 1937 rna-

340 1970 538 2038 lignata
556 1978 656 2033 est,
682 1969 1028 2021 nihilominus
1050 1976 1231 2019 tamen
1267 1969 1407 2019 facta
1432 1977 1515 2020 est
1545 1969 1797 2020 stimulus
1826 1970 2194 2023 subversionis
2220 1972 2335 2024 viro

340 2054 594 2122 perfectO,
620 2061 674 2105 et
699 2053 885 2104 mortis
912 2053 1125 2104 aculeus
1160 2051 1352 2103 marito
1386 2051 1681 2104 innocenti.
1755 2053 2037 2123 Numquid
2074 2055 2334 2107 innocens

341 2139 441 2190 erit
466 2157 583 2208 quae
609 2138 898 2191 contendet
931 2138 1252 2206 eloquentia,
1289 2145 1350 2188 ut
1389 2137 1585 2189 Dalida
1624 2138 1958 2208 SampsoniS,
1985 2148 2040 2192 et
2071 2141 2245 2193 forma
2271 2150 2333 2194 ut

343 2223 623 2288 Bersabee,
650 2243 771 2276 curn
798 2223 959 2292 hujus
982 2222 1093 2274 sola
1118 2222 1462 2291 pulchritudo
1490 2222 1565 2275 sic
1591 2223 2003 2292 triumphaverit
2029 2233 2083 2278 et
2101 2227 2290 2278 nolens
2314 2230 2330 2279 ?

340 2309 397 2361 Si
421 2327 531 2360 non
557 2327 613 2361 es
639 2309 866 2378 amplius
895 2308 1190 2360 secundum
1218 2326 1308 2359 cor
1334 2307 1558 2359 Domini
1586 2327 1746 2377 quam
1773 2310 1970 2374 David,
2001 2312 2159 2364 crede
2186 2313 2331 2382 quod

336 2402 390 2446 et
414 2403 475 2446 tu
498 2393 816 2463 praecipitari
841 2402 1018 2463 potes,
1095 2393 1189 2445 Sol
1214 2393 1497 2445 hominurn
1534 2394 1812 2460 Salomon,
1839 2397 2124 2450 thesaurus
2151 2399 2334 2451 delici-

338 2498 486 2531 arum
527 2479 766 2543 Domini,
794 2478 1067 2548 sapientiae
1096 2478 1359 2546 singulare
1386 2478 1735 2544 domicilium,
1775 2499 1954 2534 crasso
1981 2483 2327 2536 tenebrarum

336 2566 543 2617 fucatus
564 2571 878 2628 atramento,
894 2564 1068 2616 lucem
1087 2562 1278 2614 animae
1297 2580 1424 2628 suae,
1437 2563 1657 2616 odorem
1674 2565 1829 2618 famae
1846 2585 1976 2632 suae,
1992 2567 2215 2636 gloriam
2232 2569 2328 2622 do-

334 2668 453 2701 mus
480 2668 592 2701 suae
614 2651 950 2702 foeminarum
969 2648 1208 2713 fascinogt
1236 2647 1431 2712 amisit,
1449 2656 1504 2701 et
1523 2657 1799 2717 postremo
1819 2651 2129 2704 incurvatus
2147 2672 2324 2705 coram

335 2734 540 2785 Baalim
566 2753 632 2786 ex
651 2734 956 2787 ecclesiaste
982 2733 1208 2785 Domini
1230 2740 1469 2784 mutatus
1496 2742 1580 2786 est
1604 2734 1661 2785 in
1687 2735 1993 2788 membrum
2020 2737 2229 2802 Zabuli,
2263 2747 2326 2790 ut

333 2819 505 2871 adhuc
538 2820 727 2888 majori
757 2819 1001 2871 videatur
1039 2818 1253 2870 detrudi
1287 2818 1585 2887 praecipitio
1619 2838 1779 2889 quam
1835 2822 2071 2874 Phoebus
2102 2823 2158 2874 in
2200 2843 2327 2876 casu

336 2904 663 2969 PhaetontiS,
685 2905 857 2974 quide
876 2903 1148 2973 Appoline
1165 2902 1203 2955 J
1206 2902 1320 2955 ovis
1337 2904 1510 2955 factus
1532 2914 1616 2956 est
1630 2914 1817 2974 pastor
1833 2907 2069 2961 Admeti.
2119 2910 2325 2974 Amice,

336 2989 378 3039 si
405 3008 513 3040 non
533 3008 589 3041 es
617 2990 907 3059 sapientior
934 2988 1237 3053 Salomone,
1274 2989 1418 3057 quod
1443 3007 1604 3042 nemo
1631 2999 1731 3056 est,
1759 3011 1869 3044 non
1891 3012 1947 3045 es
1969 2995 2140 3063 major
2166 3014 2325 3064 quam

333 3073 423 3140 qui
437 3082 617 3141 potest
632 3094 661 3125 a
679 3076 896 3127 foemina
911 3073 1172 3125 fascinari.
1208 3072 1410 3125 Oculos
1427 3082 1550 3127 tuos
1568 3077 1730 3145 aperi,
1744 3085 1798 3129 et
1810 3078 1947 3130 vide.
1989 3079 2213 3149 Optima
2227 3082 2324 3134 foe-

385 3241 408 3264 ²*
437 3242 550 3288 Acts,
572 3244 656 3282 xiii.
673 3246 739 3282 22.
1404 3247 1426 3293 ἶ
1442 3246 1650 3296 facinore,
1674 3248 1768 3288 MS.
1791 3250 1989 3289 Arundel.

382 3309 412 3351 ἢ·
438 3309 737 3358 inquinandam,
753 3309 884 3351 MSS.
899 3311 1055 3351 Arund.
1070 3312 1149 3350 and
1162 3312 1291 3352 Burn.
