2638 3860
334 330 439 383 cap.
461 331 540 382 vi.]
968 336 1045 369 DE.
1090 336 1272 371 Nnols
1313 337 1686 374 cnalALmM.
2211 320 2313 380 227

306 480 365 524 et
389 471 724 538 inconquUS,
752 474 989 544 exceptis
1029 476 1303 529 doloribus
1342 497 1477 548 quos
1505 479 1554 530 ei
1578 480 1822 531 fecerunt
1857 477 1952 529 filii
1991 477 2092 542 sui,
2124 475 2318 546 quibus

309 564 372 608 ut
409 557 561 610 aiunt
598 558 941 627 impatienter
978 560 1217 612 toleratis
1263 580 1451 614 eorum
1501 580 1721 615 rancore
1773 561 2020 614 decessit.
2099 561 2321 612 Fecerat

308 650 490 694 autem
534 645 679 696 idem
722 663 813 697 rex
861 646 1138 698 Lodovico
1185 647 1448 716 piissim0‚
1482 656 1677 718 praeter
1702 649 2012 718 praedictam
2050 647 2318 716 injuriam,

309 729 469 780 taedia
495 731 683 793 multa,
711 749 939 799 quorum
969 731 1241 783 Dominus
1284 740 1395 784 tam
1438 733 1495 784 in
1535 734 1654 803 ipso
1697 753 1855 803 quam
1883 734 1938 784 in
1964 732 2087 784 filiis
2115 731 2318 783 duriter

306 814 376 864 ad
403 814 663 866 ultionem
688 815 998 866 recordatus
1025 823 1126 880 est,
1165 825 1226 868 ut
1251 817 1503 870 creditur.
1577 818 1829 869 Vidimus
1863 817 2015 869 initia
2040 817 2189 883 regni
2216 816 2316 880 sui,

308 899 580 969 vitamque
620 908 933 970 sequentem
971 900 1028 952 in
1067 902 1252 954 multis
1292 903 1792 956 commendabilem.
1868 902 2163 955 Mediocris
2209 909 2316 952 sta-

308 993 444 1037 turae
501 1004 742 1037 summos
781 986 1075 1038 excedebat
1110 987 1167 1038 in
1209 988 1440 1052 modico,
1478 988 1559 1040 vir
1596 988 1961 1041 membrorum
2016 986 2320 1056 integritate

309 1071 599 1141 vultusque
637 1080 921 1124 venustate
947 1071 1159 1138 beatUS,
1201 1082 1256 1125 et
1298 1092 1459 1142 quem
1503 1074 1655 1126 miles
1696 1073 1978 1142 diligenter
2014 1073 2318 1141 inspectum

309 1157 662 1209 accurrebant
692 1158 974 1227 inspicere.
1049 1158 1148 1210 Vir
1171 1159 1260 1211 hic
1285 1159 1651 1211 membrorum
1670 1159 1946 1211 habilitate
1973 1158 2106 1210 nulli
2132 1175 2322 1209 secun-

310 1243 412 1294 dus
452 1251 581 1305 erat,
622 1243 820 1294 nullius
860 1252 1010 1295 actus
1048 1243 1320 1312 impotens
1348 1263 1508 1313 quem
1534 1253 1721 1313 posset
1746 1243 1899 1306 alius,
1926 1244 2125 1295 nullius
2154 1241 2317 1295 comi·

310 1328 437 1379 tatis
464 1327 684 1391 inscius,
710 1327 980 1379 litteratus
1008 1329 1075 1380 ad
1102 1347 1319 1381 omnem
1348 1331 1649 1382 decentiam
1689 1340 1743 1382 et
1779 1330 2087 1393 utilitatem,
2114 1328 2319 1396 lingua-

310 1433 431 1466 rum
459 1415 701 1466 omnium
730 1433 848 1484 quae
877 1423 1004 1466 sunt
1029 1434 1060 1466 a
1087 1415 1219 1467 mari
1248 1415 1456 1468 Gallico
1488 1435 1656 1485 usque
1692 1417 1755 1468 ad
1796 1415 1833 1468 J
1837 1415 2092 1467 ordanem
2116 1413 2321 1465 habens

311 1501 611 1565 scientiam,
653 1501 848 1552 Latina
898 1509 1111 1552 tantum
1150 1510 1310 1554 utens
1349 1510 1403 1554 et
1443 1502 1665 1554 Gallica.
1743 1501 1810 1553 In
1861 1500 2069 1570 legibus
2122 1499 2322 1551 consti-

313 1587 529 1638 tuendis
578 1594 634 1638 et
671 1587 819 1638 omni
859 1587 1117 1656 regimine
1172 1588 1485 1656 corrigendo
1528 1588 1812 1652 discretuS,
1864 1586 2109 1638 inusitati
2146 1584 2323 1637 occul-

313 1674 461 1743 tique
494 1673 685 1742 judicii
726 1673 940 1725 subtilis
980 1674 1230 1726 inventor
1251 1695 1265 1738 3
1305 1674 1550 1738 affabilis,
1588 1674 1947 1738 verecunduS,
1974 1681 2028 1725 et
2066 1671 2322 1735 humilis,

313 1778 578 1830 pressurae
604 1760 842 1829 pulveris
859 1768 914 1812 et
929 1760 1030 1811 luti
1046 1760 1694 1829 patienS,importunitate
1711 1759 2046 1829 querelarum
2067 1758 2323 1822 offenSUS,

311 1846 593 1898 lacessitus
643 1845 854 1914 injuriis
894 1864 1015 1897 cum
1072 1845 1288 1897 silentio
1345 1847 1654 1914 perferens3
1705 1852 2059 1897 veruntamen
2112 1860 2323 1911 semper

311 1932 572 1983 itinerans
623 1937 736 1982 erat
776 1929 934 1981 dietis
975 1929 1402 1981 intolerabilibus
1453 1930 1607 1999 quasi
1654 1930 1985 1999 duplomate,
2030 1935 2085 1980 et
2123 1928 2179 1978 in
2218 1928 2323 1978 hoc

313 2017 527 2070 familiae
567 2015 815 2084 sequenti
853 2015 1015 2066 nimis
1054 2014 1471 2080 immisericors3
1516 2034 1710 2068 canum
1749 2023 1805 2067 et
1843 2015 2022 2066 avium
2064 2012 2324 2083 peritissi-

317 2121 457 2167 mus,
496 2109 551 2154 et
579 2100 845 2152 illusionis
871 2100 1012 2151 illius
1039 2100 1414 2165 avidissimus3
1453 2101 1508 2151 in
1543 2101 1736 2169 vigiliis
1763 2109 1818 2153 et
1842 2100 2022 2152 labore
2049 2099 2323 2151 continuo.

314 2187 585 2243 Quotiens
636 2194 817 2237 autem
869 2185 923 2236 in
981 2185 1185 2236 somnis
1243 2185 1424 2254 ipsum
1475 2186 1786 2255 imaginaria
1822 2186 2072 2254 voluptas
2112 2183 2321 2252 agebat,

314 2273 526 2343 corpori
565 2290 663 2323 suo
703 2271 1071 2335 maledicebat,
1111 2270 1257 2340 quod
1295 2289 1392 2322 nec
1430 2270 1581 2323 labor
1607 2289 1705 2323 nec
1732 2271 2058 2323 abstinentia
2082 2271 2321 2338 frangere

315 2359 403 2412 vel
455 2366 743 2410 extenuare
796 2356 1064 2408 valebant.
1141 2357 1259 2407 Nos
1316 2363 1495 2408 autem
1553 2356 1747 2408 exinde
1799 2375 1909 2408 non
1946 2354 2323 2407 inconstantiae

315 2444 526 2496 labores
555 2461 682 2494 suos
721 2441 1140 2504 ascribebamus,
1168 2442 1263 2493 sed
1289 2441 1472 2493 timori
1497 2441 1678 2494 nimiae
1704 2440 2064 2510 pinguedinis.
2128 2439 2323 2490 Matris

314 2549 428 2582 suae
482 2527 780 2579 doctrinam
834 2525 1138 2577 audivimus
1189 2525 1333 2577 hanc
1377 2525 1562 2589 fuisse,
1617 2525 1762 2595 quod
1815 2525 1995 2577 onmia
2039 2524 2325 2593 protelaret

315 2615 561 2669 omnium
608 2612 839 2681 negotia,
880 2611 1027 2680 quod
1069 2610 1322 2679 quaelibet
1360 2611 1415 2662 in
1457 2630 1676 2662 manum
1704 2630 1855 2662 suam
1894 2609 2192 2662 excidentia
2231 2608 2323 2659 diu

317 2702 590 2763 retineret,
617 2707 672 2749 et
696 2699 900 2749 fructus
938 2696 1064 2747 inde
1102 2695 1420 2765 perciperet,
1458 2704 1514 2747 et
1551 2695 1618 2746 ad
1656 2713 1744 2746 eas
1785 2694 2112 2763 suspirantes
2146 2694 2200 2744 in
2229 2711 2324 2762 spe

322 2786 696 2856 suspenderet,
746 2782 1002 2852 parabola
1054 2782 1255 2833 crudeli
1310 2781 1634 2833 sententiam
1673 2782 1811 2832 hanc
1849 2780 2190 2843 confirmans,
2228 2780 2327 2831 hac

319 2873 553 2924 scilicet:
595 2870 867 2938 Accipiter
909 2868 1147 2920 insolens
1187 2885 1343 2919 carne
1385 2867 1486 2919 sibi
1528 2866 1726 2936 saepius
1766 2865 1960 2930 oblata,
2006 2873 2060 2917 et
2101 2873 2326 2916 retracta

318 2958 406 3009 vel
468 2955 696 3016 occulta,
745 2953 807 3004 fit
858 2952 1081 3015 avidior,
1139 2960 1195 3003 et
1254 2951 1502 3020 protinus
1560 2951 1865 3019 obsequens
1921 2957 1976 3000 et
2031 2948 2325 2999 adhaerens,

321 3042 570 3096 Docebat
625 3041 787 3092 etiam
845 3039 988 3107 quod
1043 3038 1099 3088 in
1151 3037 1386 3088 thalamo
1425 3037 1694 3106 frequens,
1732 3036 1789 3086 in
1827 3034 2124 3102 frequentia
2174 3052 2324 3085 rarus

321 3138 495 3192 esset3
534 3126 670 3178 nihil
707 3125 863 3177 alicui
901 3124 1140 3175 conferet
1177 3123 1494 3193 cujusquam
1535 3121 1847 3174 testimonio
1904 3120 2008 3171 nisi
2045 3118 2222 3171 visum
2273 3127 2327 3170 et

322 3215 619 3285 cognitum,
658 3219 715 3264 et
763 3210 818 3262 in
869 3210 1015 3260 hunc
1065 3209 1286 3260 modum
1329 3208 1497 3259 multa
1540 3207 1790 3277 pessima.
1865 3207 1985 3258 Nos
2034 3214 2213 3257 autem
2251 3205 2328 3256 illi

323 3300 581 3354 doctrinae
607 3298 835 3350 fidenter
871 3295 1202 3364 imputamus
1228 3294 1409 3346 omnia
1435 3293 1629 3362 quibus
1657 3295 1770 3344 erat
1796 3292 2070 3345 taediosuS.
2146 3291 2327 3360 Impo-
