2638 3860
303 423 408 470 240
1006 430 1318 467 GUALTEm
1362 429 1562 464 MAPES
2001 429 2198 479 [Distinc.
2220 430 2272 467 V.

301 576 495 645 cupido
522 574 666 627 cordi
692 573 930 624 vultures
957 579 1320 641 apponuntur,
1346 571 1401 621 id
1429 577 1513 622 est
1538 568 1759 620 affectus
1798 567 1952 636 nigri,
1979 569 2292 621 divellentes

300 662 495 730 ipsum,
539 660 659 728 quia
703 676 812 709 non
855 658 1095 722 luctavit,
1135 656 1398 725 appetitui
1435 673 1600 725 pravo
1635 672 1745 705 non
1786 654 2013 718 restitit3
2065 655 2158 706 sed
2184 674 2293 707 non

298 747 488 815 Tityus
516 744 604 812 qui
630 744 666 795 J
669 743 835 794 unoni
862 742 1137 794 dissolutae
1163 741 1360 793 mentis
1393 760 1503 792 non
1543 740 1734 792 celavit
1761 740 2051 808 angustias,
2079 741 2294 809 cogitat,

298 830 547 899 loquitur,
592 828 699 897 agit
741 835 926 879 contra
968 827 1170 879 bonum
1213 827 1364 878 illum
1410 827 1500 896 qui
1545 845 1642 878 nec
1687 825 1835 889 abiit,
1863 844 1962 878 nec
2001 826 2167 890 stetit,
2194 844 2293 878 nec

298 915 452 967 sedit.
529 914 676 965 Filiae
704 913 820 964 Beli
860 914 1198 965 contendunt
1240 912 1316 963 ibi
1354 912 1539 964 cribris
1580 911 1803 980 implere
1829 930 1955 963 vasa
1981 913 2151 963 forata
2178 912 2292 963 sine

298 1001 494 1064 fundis,
546 999 694 1051 omni
743 999 936 1068 liquori
980 998 1179 1067 pervia,
1233 998 1531 1067 Letheique
1580 997 1752 1049 laticis
1790 998 2016 1049 haustus
2055 999 2291 1067 perdunt

296 1087 555 1139 assiduos.
603 1085 746 1137 Belis
760 1085 927 1136 virilis
954 1085 1041 1135 vel
1066 1084 1339 1135 virtuosus
1359 1083 1742 1152 interpretatur
1757 1104 1772 1148 3
1811 1084 1898 1135 hic
1927 1084 2084 1135 Pater
2108 1093 2293 1136 noster

297 1175 447 1225 Deus
473 1180 572 1235 est,
598 1190 697 1222 nos
739 1171 855 1239 ejus
898 1188 1024 1222 vero
1066 1170 1178 1234 filii,
1224 1171 1347 1239 quia
1387 1189 1496 1221 non
1523 1170 1768 1232 virtuosi,
1795 1189 1903 1222 non
1943 1171 2169 1235 robusti,
2198 1172 2290 1222 sed

294 1259 433 1322 filiae,
476 1276 599 1308 nam
641 1256 696 1307 in
739 1255 1114 1324 impotentiam
1157 1255 1466 1319 effeminati,
1509 1255 1788 1324 cribroque
1839 1275 1869 1306 a
1914 1257 2080 1324 paleis
2131 1276 2294 1325 grana

295 1343 537 1407 secernit,
581 1343 632 1394 id
672 1350 771 1406 est,
801 1342 1139 1394 discretione.
1214 1342 1358 1393 Vasa
1399 1342 1666 1411 complere
1706 1350 1926 1411 pertusa
1968 1343 2293 1408 laboramus,

293 1429 348 1480 id
389 1436 487 1492 est,
514 1429 719 1479 animos
763 1427 1111 1490 insatiabiles,
1152 1446 1380 1497 quorum
1421 1428 1742 1480 adulteravit
1782 1429 2004 1481 ambitio
2045 1430 2291 1492 fundum,

295 1514 385 1582 qui
413 1513 631 1566 sorbent
657 1513 800 1582 quod
827 1513 1127 1564 infunditur
1151 1512 1321 1563 instar
1348 1512 1667 1582 Charybdis,
1702 1521 1757 1564 et
1783 1513 1897 1564 sine
1942 1514 2293 1582 plenitudinis

293 1598 602 1667 apparentia
628 1616 736 1649 non
764 1605 976 1649 cessant
1000 1597 1226 1648 haustus
1253 1597 1474 1666 perdere
1499 1615 1686 1649 vanos.
1764 1597 2015 1649 Cribrum
2050 1599 2154 1650 hoc
2181 1618 2291 1650 non

294 1684 434 1735 colat
459 1703 488 1734 a
512 1683 713 1752 liquido
741 1682 1036 1746 turbidum,
1065 1702 1095 1733 a
1123 1701 1310 1734 sereno
1339 1682 1594 1751 spissum,
1637 1702 1759 1735 cum
1802 1683 1868 1734 ad
1912 1684 2016 1736 hoc
2055 1693 2291 1736 creatum

296 1770 382 1833 sit,
403 1788 501 1821 nec
526 1770 720 1821 retinet
737 1787 928 1837 aquam
946 1768 1111 1819 fontis
1128 1769 1184 1819 in
1204 1770 1369 1819 vitam
1390 1777 1645 1820 aeternam
1666 1770 1904 1821 salientis
1926 1792 1940 1835 3
1970 1790 2080 1821 non
2099 1791 2290 1840 aquam

292 1875 451 1924 quam
478 1856 568 1925 qui
594 1855 789 1907 biberit
814 1873 925 1906 non
969 1855 1114 1906 sitiet
1155 1855 1370 1918 iterum,
1412 1855 1506 1906 sed
1542 1874 1734 1923 aquam
1764 1857 1971 1920 Lethis,
1999 1858 2151 1925 cujus
2180 1877 2290 1909 non

294 1941 538 1993 meminit
591 1941 807 2004 bibitor,
864 1959 982 2008 quae
1039 1948 1224 2008 guttur
1273 1940 1520 2002 infatuat,
1564 1959 1681 2008 quae
1747 1942 1893 1993 sitire
1940 1943 2031 1993 dat
2079 1943 2292 2008 iterum,

294 2045 412 2094 quae
450 2025 632 2076 furtim
677 2025 744 2075 ad
785 2024 1016 2075 animam
1054 2024 1365 2092 ingreditur,
1407 2043 1527 2093 quae
1554 2043 1674 2076 cum
1703 2045 1764 2078 ea
1792 2028 2131 2096 congreditur
2157 2035 2211 2080 et
2236 2029 2288 2080 in

293 2112 480 2163 limum
514 2113 709 2162 intrare
743 2110 972 2178 impellit
1014 2110 1360 2178 profundum.
1458 2110 1724 2162 Cerberus
1768 2112 1843 2163 ibi
1887 2114 2033 2165 canis
2078 2113 2293 2183 triceps,

289 2196 487 2264 janitor
513 2196 613 2247 iste
641 2215 773 2264 quos
800 2196 854 2246 in
883 2195 1030 2246 omni
1059 2195 1270 2246 silentio
1299 2195 1444 2246 mitis
1471 2195 1680 2247 inducit
1705 2198 1848 2249 exire
1865 2199 2126 2263 volentes,
2155 2201 2295 2252 trina

294 2299 425 2333 voce
451 2279 700 2331 terribilis
727 2279 916 2347 arguit.
992 2279 1029 2330 J
1032 2280 1206 2330 anitor
1225 2279 1312 2330 ille
1333 2279 1477 2331 Ditis
1498 2281 1673 2332 aulam
1702 2283 1858 2334 avido
1880 2284 2016 2335 ditat
2032 2285 2294 2352 ingreSSU,

292 2384 503 2418 recessu
528 2384 637 2416 non
662 2373 870 2428 vacuat,
897 2365 1091 2416 retinet
1116 2384 1225 2416 non
1253 2366 1498 2418 effundit.
1572 2367 1755 2419 Habet
1782 2370 1942 2420 etiam
1989 2371 2089 2422 Dis
2130 2370 2292 2439 hujus

291 2452 449 2504 curiae
477 2469 608 2519 quos
636 2450 797 2502 tradit
821 2469 940 2502 reos
968 2451 1179 2514 carceri,
1207 2451 1297 2519 qui
1325 2452 1477 2520 quasi
1509 2454 1899 2522 compatientes
1927 2442 2002 2507 eis
2045 2457 2292 2511 simulata

292 2535 544 2588 conducit
568 2535 621 2585 in
662 2536 888 2586 foveam.
966 2535 1105 2586 Cum
1152 2544 1331 2586 autem
1373 2555 1438 2587 ex
1484 2536 1814 2605 benignitate
1858 2540 2114 2609 principis
2150 2542 2292 2592 exire

291 2623 431 2686 licet,
452 2622 603 2672 trinis
625 2621 894 2673 oblatrant
913 2621 1233 2672 avidissimis
1252 2622 1544 2674 terroribus
1562 2624 1839 2692 petitione,
1856 2626 2148 2694 cupiditate
2169 2627 2291 2692 cibi,

291 2716 470 2776 potus,
497 2715 550 2758 et
574 2706 756 2769 vestis,
783 2706 1064 2774 nudosque
1091 2725 1188 2773 pro
1217 2706 1517 2775 direptione
1545 2710 1788 2761 omnium
1817 2730 1934 2780 quae
1961 2730 2069 2763 non
2091 2711 2293 2765 habent

289 2792 599 2860 promittere
639 2799 856 2860 cogunt,
899 2810 1022 2843 vere
1060 2793 1275 2860 quidem
1322 2792 1592 2858 Cerberei,
1636 2796 1759 2863 quia
1803 2815 1986 2848 carnes
2022 2799 2294 2866 compedi‘

292 2884 469 2928 torum
495 2885 762 2940 voranteS,
790 2884 843 2928 et
866 2884 1008 2928 recte
1026 2895 1183 2928 canes
1206 2877 1298 2945 qui
1323 2886 1525 2928 norunt
1543 2897 1608 2930 ex
1630 2879 1839 2931 afflictis
1866 2881 2047 2933 hiatus
2068 2882 2291 2952 implere

291 2961 541 3029 triplices.
584 2963 658 3012 Hi
685 2963 878 3014 famem
899 2962 1196 3031 patiuntur,
1220 2972 1279 3013 ut
1305 2982 1462 3014 canes
1489 2982 1598 3014 non
1623 2965 1935 3018 discernunt
1962 2968 2114 3036 cujus
2142 2969 2291 3021 cibos

290 3047 514 3115 rapiant,
539 3067 638 3099 nec
677 3048 816 3099 inter
859 3066 1043 3099 carnes
1091 3055 1145 3099 et
1189 3049 1445 3100 cadavera
1488 3050 1723 3100 recentia
1749 3069 1779 3101 a
1807 3051 1913 3102 situ
1945 3053 2184 3105 foetorem
2223 3054 2289 3106 ab

292 3133 452 3184 odore
479 3142 726 3202 separant
754 3134 880 3202 quid
906 3134 1062 3185 liceat
1086 3134 1434 3203 negligenteS.
1514 3135 1579 3186 In
1600 3136 1888 3205 fuliginoso
1911 3138 2055 3190 Ditis
2078 3140 2291 3191 obscuri

291 3217 486 3284 palatio
515 3218 718 3281 Minos,
746 3218 1208 3281 RhadamanthUS,
1235 3226 1290 3269 et
1305 3219 1508 3270 AEacus
1528 3230 1724 3272 sortem
1749 3222 1974 3274 mittunt
1998 3224 2054 3274 in
2081 3243 2290 3290 urnam,

284 3302 595 3370 judicesque
638 3311 880 3371 praesunt
905 3322 1182 3355 censuram
1232 3304 1457 3369 miseriS,
1486 3306 1625 3357 mala
1662 3307 1844 3360 statim
1871 3318 2121 3378 pensant,
2147 3311 2289 3362 bona

291 3385 559 3449 differunt,
587 3395 678 3437 aut
702 3406 840 3438 vana
867 3387 1087 3448 faciunt,
1119 3388 1163 3439 si
1211 3406 1326 3439 sors
1374 3408 1515 3441 saeva
1559 3393 1827 3453 ceciderit,
1855 3395 2291 3448 animadvertunt
