2638 3860
270 385 338 445 74
984 385 1296 422 GUALTERI
1320 384 1520 420 MAPES
1943 383 2140 434 [Distinc.
2162 379 2224 419 II.

275 524 519 592 Cumque
563 519 654 572 diu
693 520 963 570 teneretur
1018 511 1073 563 in
1114 508 1340 563 vinculis
1385 509 1579 572 LucaS,
1617 505 1803 561 retulit
1837 507 1903 560 ab
1945 506 2254 563 Alexandro

274 627 413 678 papa
437 605 593 658 tertio
613 607 645 640 ²*
670 602 886 672 quidam
911 597 1113 650 amicus
1140 597 1255 665 ejus
1280 595 1459 646 literas
1484 593 1814 646 liberationis
1842 595 1958 664 ejus
1985 595 2052 646 ad
2076 594 2257 663 ipsum

274 693 331 744 in
356 708 614 744 carcerem
645 687 849 740 occulte
875 684 943 735 ad
966 700 1144 751 regem
1172 680 1378 744 missaS,
1415 678 1609 748 quibus
1647 680 1953 732 nullatenus
1979 679 2061 731 uti
2085 677 2259 731 voluit

276 779 469 840 Lucas,
510 774 692 826 audito
720 770 863 841 quod
889 767 1171 820 duodecim
1206 766 1543 818 denariorum
1581 764 1953 817 constitissent
1983 771 2047 816 ut
2071 780 2260 823 omnes

278 861 391 912 aliae
413 860 585 912 solent
610 859 676 910 ad
695 856 914 919 bullam,
936 854 1116 906 dicens
1145 871 1200 905 se
1226 852 1368 904 nolle
1393 869 1490 921 per
1510 851 1793 903 simoniam
1812 849 2040 903 liberari.
2114 854 2261 917 Ape-

278 945 385 996 ruit
423 952 602 995 autem
643 941 744 994 sibi
782 939 1052 992 Dominus
1093 955 1356 990 carcerem
1397 937 1482 989 die
1536 937 1773 1003 Paschae,
1814 937 1944 988 dum
1977 936 2264 988 interesset

280 1047 373 1081 rex
413 1029 590 1080 missae
630 1010 855 1080 solenni.
932 1024 1162 1076 Intravit
1203 1023 1365 1092 igitur
1404 1023 1580 1074 Lucas
1624 1024 1882 1092 capellam
1925 1040 2048 1074 curn
2091 1019 2262 1071 multa

282 1114 522 1165 omnium
548 1112 913 1175 admiratione,
940 1110 1195 1179 altarique
1220 1110 1391 1160 nudat
1414 1109 1640 1174 mantili,
1671 1106 1983 1174 caeterisque
2008 1101 2262 1174 projectis

280 1196 575 1261 ornatibuS,
601 1214 778 1248 coram
805 1214 959 1248 cruce
997 1196 1154 1264 juxta
1178 1213 1356 1264 regern
1384 1195 1661 1264 stupidum
1687 1193 2043 1260 timidumque
2070 1189 2145 1241 sic
2171 1187 2264 1251 ait,

282 1283 574 1335 “Domine
606 1282 797 1346 Jhesu,
841 1282 993 1351 cujus
1018 1281 1459 1333 resurrectionem
1496 1299 1656 1333 nemo
1690 1286 1884 1348 praeter
1929 1274 2265 1328 Christianos

282 1367 472 1418 asserit
507 1367 563 1418 in
600 1366 797 1419 virtute
835 1385 938 1435 qua
978 1366 1270 1431 surrexisti,
1298 1366 1342 1418 si
1380 1367 1602 1436 dignum
1638 1366 1783 1417 hunc
1807 1381 1986 1433 regem
2023 1368 2116 1413 tua
2139 1358 2269 1412 visi-

287 1452 491 1504 tatione
518 1451 830 1516 decreveriS,
866 1459 1014 1504 verte
1051 1451 1278 1521 impium
1314 1458 1377 1503 ut
1412 1470 1524 1504 non
1562 1452 1649 1516 sit,
1677 1451 1760 1503 sin
1798 1457 1978 1501 autem
2014 1447 2071 1499 in
2105 1462 2271 1497 manu

284 1536 411 1588 forti
437 1544 491 1588 et
534 1537 751 1589 dextera
794 1535 1085 1588 Pharaonis
1121 1535 1309 1588 ultrice
1347 1536 1404 1587 in
1436 1536 1522 1588 his
1561 1535 1908 1605 quadraginta
1934 1531 2122 1585 diebus
2150 1548 2271 1582 sen-

283 1621 382 1673 tiat
405 1622 460 1673 in
497 1641 652 1691 quern
680 1621 1007 1673 transfixit.'’
1080 1621 1154 1673 Et
1179 1639 1423 1691 egressus
1450 1623 1725 1691 capellam,
1749 1621 1945 1673 iterum
1979 1618 2046 1670 ab
2071 1614 2269 1685 iniquis

281 1707 654 1760 executoribus
704 1707 910 1759 arctiori
964 1707 1250 1776 deputatus
1300 1714 1383 1760 est
1446 1708 1722 1773 custodiae,
1771 1706 2038 1777 patienter
2078 1702 2273 1756 omnia

282 1792 474 1858 ferenS,
500 1794 555 1844 in
582 1793 911 1845 orationibus
938 1801 992 1845 et
1015 1793 1171 1844 laude
1212 1793 1436 1845 Domini
1475 1793 1603 1863 vigil
1642 1803 1696 1846 et
1725 1793 1990 1845 assidUUS.
2064 1791 2141 1842 Et
2164 1790 2273 1841 fac-

281 1884 399 1928 tum
425 1886 508 1930 est
544 1886 606 1930 ut
631 1887 755 1930 ante
781 1879 922 1930 diem
960 1878 1421 1947 quadragesimum
1459 1897 1553 1931 rex
1590 1879 1873 1932 moriretur
1908 1877 2272 1946 impoenitens·

287 1962 556 2015 Successit
593 1964 641 2016 ei
679 1965 840 2015 frater
877 1965 991 2033 ejus
1028 1963 1274 2027 unicus,†
1311 1964 1566 2016 violentia
1603 1965 1820 2034 aequalis
1849 1963 2031 2034 priori.
2108 1963 2274 2015 Hunc

284 2047 443 2099 etiam
470 2049 664 2112 Lucas,
691 2049 828 2101 datis
869 2048 1216 2118 quadraginta
1259 2048 1464 2101 dierum
1503 2050 1750 2115 induciis,
1783 2048 2050 2102 interfecit
2083 2048 2276 2117 spiritu

288 2132 392 2183 oris
421 2133 503 2184 sui
527 2134 583 2185 in
607 2134 758 2203 ipsiS,
784 2152 1116 2203 puerumque
1150 2135 1362 2203 justum
1400 2136 1715 2202 haeredem1
1755 2154 1878 2188 cum
1917 2133 2066 2187 omni
2098 2133 2274 2186 solen-

286 2216 452 2270 nitate
477 2219 728 2288 injunxit,
768 2221 919 2289 cujus
961 2219 1247 2289 pueritiam
1281 2220 1457 2274 Lucas
1496 2240 1619 2274 curn
1657 2240 1868 2274 summa
1893 2219 2275 2290 tranquillitate

285 2305 557 2373 transegit,
601 2312 657 2357 at
698 2306 1041 2374 juventutem
1084 2324 1193 2357 non
1244 2324 1411 2375 aeque.
1487 2309 1606 2359 Rex
1649 2307 1794 2359 enim
1842 2308 2014 2359 factus
2058 2305 2275 2376 juvenis

285 2388 611 2458 amplectens
637 2389 823 2441 altiora
848 2408 1006 2458 quam
1034 2389 1297 2442 sustinere
1336 2391 1552 2458 valeret,
1587 2412 1643 2446 re
1685 2412 1782 2445 sua
1822 2392 2119 2456 deficiente,
2149 2409 2277 2461 pos-

287 2474 552 2526 sessiones
578 2474 957 2527 ecclesiasticas
984 2474 1272 2544 dilapidare
1298 2495 1408 2528 non
1433 2478 1659 2531 horruit.
1736 2478 1915 2532 Quem
1949 2479 2125 2530 Lucas
2150 2484 2278 2546 post

286 2562 481 2613 multas
506 2560 810 2613 lacrimosas
849 2560 1223 2626 amonitioneS,
1265 2561 1704 2616 obstinatissimae
1740 2563 2048 2634 pertinaciae
2085 2563 2275 2615 videns

286 2647 463 2698 flendo
504 2646 731 2716 subjecit
769 2645 1113 2711 anathemati,
1157 2653 1212 2698 et
1254 2648 1438 2700 multis
1479 2668 1576 2719 pro
1617 2669 1680 2702 eo
1720 2649 1854 2701 fusis
1890 2649 1958 2700 ad
1997 2647 2277 2700 Christum

285 2731 551 2800 precibuS‚
587 2731 783 2783 meruit
808 2731 855 2783 ei
896 2750 926 2782 a
951 2732 1071 2783 Deo
1110 2731 1334 2800 gratiam
1373 2741 1435 2785 ut
1458 2734 1602 2786 bona
1640 2734 1957 2804 poenitentia
1991 2733 2184 2784 ductus
2211 2733 2279 2784 ad

289 2817 563 2869 ecclesiam
591 2816 870 2884 Strigoniae
906 2824 1233 2885 properaret,
1269 2818 1571 2872 satisfactus
1611 2839 1709 2889 pro
1752 2827 1881 2871 voto
1916 2819 2096 2872 Lucae.
2175 2817 2279 2870 Cui

293 2903 467 2956 Lucas
512 2922 635 2955 cum
675 2901 819 2954 omni
866 2902 1006 2954 clero
1046 2908 1101 2952 et
1137 2902 1341 2971 populo
1384 2905 1592 2958 solenni
1616 2905 1880 2976 processit
1918 2904 2109 2957 obvius
2146 2904 2282 2956 laeti-

346 3029 371 3056 *
411 3030 519 3080 Pope
551 3029 781 3069 Alexander
820 3027 906 3067 III.
947 3026 1144 3078 occupied
1182 3027 1255 3067 the
1309 3033 1501 3083 usurped.
1562 3034 1627 3073 He
1648 3034 1740 3073 died
1760 3031 1876 3085 April
1899 3036 1964 3080 13,
1995 3031 2114 3074 1173.

295 3098 415 3148 Papal
434 3098 545 3136 chais
563 3097 668 3136 from
690 3099 795 3138 1159
814 3100 859 3136 to
881 3093 1000 3134 1131·
1366 3101 1389 3147 ἶ
1419 3101 1519 3139 Bela
1539 3101 1625 3141 III.
1647 3114 1671 3140 a
1689 3114 1870 3153 younger
1890 3113 1965 3140 son
1991 3100 2038 3139 of
2067 3099 2190 3139 Geisa
2214 3097 2279 3137 ΙΙ.

351 3169 376 3214 †
408 3165 600 3215 Stephen,
621 3165 690 3204 the
708 3165 873 3203 brother
892 3163 938 3202 of
959 3163 1156 3210 Ladislas,
1177 3176 1257 3203 was
1311 3170 1402 3209 who
1422 3183 1502 3209 was
1521 3170 1664 3221 placed
1684 3182 1739 3209 on
1758 3170 1829 3209 the
1848 3170 1996 3209 throne
2015 3167 2062 3207 0f
2079 3167 2281 3217 Hungary

301 3232 487 3269 crowned
506 3243 559 3269 on
588 3232 658 3270 the
688 3232 787 3270 20th
820 3231 917 3270 Feb.
954 3234 1027 3273 117
1033 3232 1073 3279 2,
1105 3230 1186 3269 and
1204 3243 1258 3269 on
1313 3238 1416 3277 after
1435 3238 1506 3277 the
1527 3237 1649 3277 death
1667 3238 1712 3278 of
1737 3238 1803 3278 his
1817 3237 1937 3278 uncle
1958 3235 2156 3288 Stephen.
2214 3232 2281 3272 He

301 3297 373 3336 the
388 3298 485 3336 l9th
504 3297 550 3336 of
565 3298 673 3337 June
691 3298 896 3349 following
913 3299 966 3338 he
979 3311 1060 3338 was
1075 3297 1258 3337 defeated
1313 3306 1405 3346 died
1422 3306 1466 3345 in
1487 3306 1605 3348 1196.

304 3363 385 3403 and
403 3363 540 3403 driven
557 3364 662 3403 from
681 3365 751 3404 the
769 3365 917 3404 throne
944 3365 1078 3405 which
1101 3365 1153 3404 he
1178 3364 1259 3403 had
