<?xml version="1.0" encoding="UTF-8"?>
<!DOCTYPE html PUBLIC "-//W3C//DTD XHTML 1.0 Transitional//EN"
    "http://www.w3.org/TR/xhtml1/DTD/xhtml1-transitional.dtd">
<html xmlns="http://www.w3.org/1999/xhtml" xml:lang="en" lang="en">
 <head>
  <title>
</title>
<meta http-equiv="Content-Type" content="text/html;charset=utf-8" />
  <meta name='ocr-system' content='tesseract 3.04.00' />
  <meta name='ocr-capabilities' content='ocr_page ocr_carea ocr_par ocr_line ocrx_word'/>
</head>
<body>
  <div class='ocr_page' id='page_1' title='image "./gualterimapes00camduoft/gualterimapes00camduoft_0221.png"; bbox 0 0 2638 3860; ppageno 0'>
   <div class='ocr_carea' id='block_1_1' title="bbox 310 326 2282 383">
    <p class='ocr_par' dir='ltr' id='par_1_1' title="bbox 310 326 2282 383">
     <span class='ocr_line' id='line_1_1' title="bbox 310 326 2282 383; baseline 0.001 -12"><span class='ocrx_word' id='word_1_1' title='bbox 310 332 412 383; x_wconf 79' lang='lat' dir='ltr'>cap.</span> <span class='ocrx_word' id='word_1_2' title='bbox 434 332 516 383; x_wconf 86' lang='lat' dir='ltr'>iii.]</span> <span class='ocrx_word' id='word_1_3' title='bbox 979 334 1055 368; x_wconf 79' lang='lat' dir='ltr'>DE</span> <span class='ocrx_word' id='word_1_4' title='bbox 1087 334 1270 371; x_wconf 78' lang='lat' dir='ltr'>Nuels</span> <span class='ocrx_word' id='word_1_5' title='bbox 1300 333 1672 372; x_wconf 78' lang='lat' dir='ltr'>OURIALIUM.</span> <span class='ocrx_word' id='word_1_6' title='bbox 2183 326 2282 373; x_wconf 86' lang='lat'>201</span> 
     </span>
    </p>
   </div>
   <div class='ocr_carea' id='block_1_2' title="bbox 257 472 2285 3202">
    <p class='ocr_par' dir='ltr' id='par_1_2' title="bbox 257 472 2285 3202">
     <span class='ocr_line' id='line_1_2' title="bbox 283 472 2285 547; baseline 0.002 -23"><span class='ocrx_word' id='word_1_7' title='bbox 283 472 483 524; x_wconf 82' lang='lat' dir='ltr'>elector</span> <span class='ocrx_word' id='word_1_8' title='bbox 530 472 706 537; x_wconf 78' lang='lat' dir='ltr'>veIOX,</span> <span class='ocrx_word' id='word_1_9' title='bbox 757 483 812 525; x_wconf 86' lang='lat' dir='ltr'>et</span> <span class='ocrx_word' id='word_1_10' title='bbox 854 473 991 542; x_wconf 88' lang='lat' dir='ltr'>juris</span> <span class='ocrx_word' id='word_1_11' title='bbox 1051 482 1106 526; x_wconf 90' lang='lat' dir='ltr'>et</span> <span class='ocrx_word' id='word_1_12' title='bbox 1154 474 1363 544; x_wconf 81' lang='lat' dir='ltr'>injuriae</span> <span class='ocrx_word' id='word_1_13' title='bbox 1412 475 1566 528; x_wconf 91' lang='lat' dir='ltr'>fortis</span> <span class='ocrx_word' id='word_1_14' title='bbox 1616 475 1834 529; x_wconf 87' lang='lat' dir='ltr'>evictor.</span> <span class='ocrx_word' id='word_1_15' title='bbox 1951 476 2074 529; x_wconf 91' lang='lat' dir='ltr'>Hiis</span> <span class='ocrx_word' id='word_1_16' title='bbox 2124 477 2285 547; x_wconf 89' lang='lat' dir='ltr'>igitur</span> 
     </span>
     <span class='ocr_line' id='line_1_3' title="bbox 282 560 2282 634; baseline 0.003 -24"><span class='ocrx_word' id='word_1_17' title='bbox 282 578 494 611; x_wconf 89' lang='lat' dir='ltr'>morum</span> <span class='ocrx_word' id='word_1_18' title='bbox 539 560 845 613; x_wconf 87' lang='lat' dir='ltr'>eminentiis</span> <span class='ocrx_word' id='word_1_19' title='bbox 911 579 1092 613; x_wconf 91' lang='lat' dir='ltr'>comes</span> <span class='ocrx_word' id='word_1_20' title='bbox 1153 561 1242 614; x_wconf 91' lang='lat' dir='ltr'>ille</span> <span class='ocrx_word' id='word_1_21' title='bbox 1291 561 1468 614; x_wconf 92' lang='lat' dir='ltr'>bonus</span> <span class='ocrx_word' id='word_1_22' title='bbox 1513 562 1568 614; x_wconf 92' lang='lat' dir='ltr'>in</span> <span class='ocrx_word' id='word_1_23' title='bbox 1619 563 1977 633; x_wconf 68' lang='lat' dir='ltr'>apparentia*</span> <span class='ocrx_word' id='word_1_24' title='bbox 2015 583 2134 634; x_wconf 83' lang='lat' dir='ltr'>quae</span> <span class='ocrx_word' id='word_1_25' title='bbox 2177 565 2282 616; x_wconf 90' lang='lat' dir='ltr'>fide</span> 
     </span>
     <span class='ocr_line' id='line_1_4' title="bbox 280 645 2282 719; baseline 0.002 -23"><span class='ocrx_word' id='word_1_26' title='bbox 280 645 577 698; x_wconf 88' lang='lat' dir='ltr'>nativitatis</span> <span class='ocrx_word' id='word_1_27' title='bbox 618 646 852 698; x_wconf 88' lang='lat' dir='ltr'>habebat</span> <span class='ocrx_word' id='word_1_28' title='bbox 895 647 1091 716; x_wconf 87' lang='lat' dir='ltr'>probra</span> <span class='ocrx_word' id='word_1_29' title='bbox 1133 647 1365 717; x_wconf 86' lang='lat' dir='ltr'>tegebat,</span> <span class='ocrx_word' id='word_1_30' title='bbox 1407 656 1462 700; x_wconf 91' lang='lat' dir='ltr'>et</span> <span class='ocrx_word' id='word_1_31' title='bbox 1503 648 1679 701; x_wconf 87' lang='lat' dir='ltr'>valida</span> <span class='ocrx_word' id='word_1_32' title='bbox 1712 651 1992 719; x_wconf 88' lang='lat' dir='ltr'>premebat</span> <span class='ocrx_word' id='word_1_33' title='bbox 2027 651 2282 703; x_wconf 89' lang='lat' dir='ltr'>violentia</span> 
     </span>
     <span class='ocr_line' id='line_1_5' title="bbox 279 732 2283 806; baseline 0.002 -24"><span class='ocrx_word' id='word_1_34' title='bbox 279 732 516 783; x_wconf 87' lang='lat' dir='ltr'>innatam</span> <span class='ocrx_word' id='word_1_35' title='bbox 547 732 765 784; x_wconf 87' lang='lat' dir='ltr'>malitiae</span> <span class='ocrx_word' id='word_1_36' title='bbox 792 733 1056 798; x_wconf 89' lang='lat' dir='ltr'>militiam,</span> <span class='ocrx_word' id='word_1_37' title='bbox 1081 751 1182 786; x_wconf 91' lang='lat' dir='ltr'>nec</span> <span class='ocrx_word' id='word_1_38' title='bbox 1209 734 1323 786; x_wconf 90' lang='lat' dir='ltr'>sine</span> <span class='ocrx_word' id='word_1_39' title='bbox 1350 734 1475 786; x_wconf 89' lang='lat' dir='ltr'>forti</span> <span class='ocrx_word' id='word_1_40' title='bbox 1508 753 1799 804; x_wconf 86' lang='lat' dir='ltr'>congressu</span> <span class='ocrx_word' id='word_1_41' title='bbox 1826 737 2163 806; x_wconf 82' lang='lat' dir='ltr'>conspectior</span> <span class='ocrx_word' id='word_1_42' title='bbox 2200 742 2283 788; x_wconf 90' lang='lat' dir='ltr'>est</span> 
     </span>
     <span class='ocr_line' id='line_1_6' title="bbox 279 818 2282 881; baseline 0.002 -13"><span class='ocrx_word' id='word_1_43' title='bbox 279 818 504 881; x_wconf 82' lang='lat' dir='ltr'>caeteriS,</span> <span class='ocrx_word' id='word_1_44' title='bbox 532 818 617 870; x_wconf 93' lang='lat' dir='ltr'>cui</span> <span class='ocrx_word' id='word_1_45' title='bbox 646 837 768 870; x_wconf 90' lang='lat' dir='ltr'>cum</span> <span class='ocrx_word' id='word_1_46' title='bbox 798 826 988 871; x_wconf 87' lang='lat' dir='ltr'>natura</span> <span class='ocrx_word' id='word_1_47' title='bbox 1023 819 1308 872; x_wconf 87' lang='lat' dir='ltr'>conflictus</span> <span class='ocrx_word' id='word_1_48' title='bbox 1336 826 1434 871; x_wconf 92' lang='lat' dir='ltr'>est.</span> <span class='ocrx_word' id='word_1_49' title='bbox 1511 819 1750 872; x_wconf 85' lang='lat' dir='ltr'>Emersit</span> <span class='ocrx_word' id='word_1_50' title='bbox 1775 829 1955 874; x_wconf 89' lang='lat' dir='ltr'>tamen</span> <span class='ocrx_word' id='word_1_51' title='bbox 1981 829 2037 874; x_wconf 92' lang='lat' dir='ltr'>et</span> <span class='ocrx_word' id='word_1_52' title='bbox 2075 840 2131 874; x_wconf 92' lang='lat' dir='ltr'>se</span> <span class='ocrx_word' id='word_1_53' title='bbox 2157 822 2282 874; x_wconf 88' lang='lat' dir='ltr'>licet</span> 
     </span>
     <span class='ocr_line' id='line_1_7' title="bbox 278 903 2280 974; baseline 0.001 -19"><span class='ocrx_word' id='word_1_54' title='bbox 278 903 368 955; x_wconf 87' lang='lat' dir='ltr'>vix</span> <span class='ocrx_word' id='word_1_55' title='bbox 396 923 426 954; x_wconf 89' lang='lat' dir='ltr'>a</span> <span class='ocrx_word' id='word_1_56' title='bbox 452 905 715 956; x_wconf 89' lang='lat' dir='ltr'>virtutum</span> <span class='ocrx_word' id='word_1_57' title='bbox 751 905 1002 956; x_wconf 90' lang='lat' dir='ltr'>manibus</span> <span class='ocrx_word' id='word_1_58' title='bbox 1041 912 1224 974; x_wconf 85' lang='lat' dir='ltr'>erepta</span> <span class='ocrx_word' id='word_1_59' title='bbox 1264 905 1529 973; x_wconf 86' lang='lat' dir='ltr'>cupiditas</span> <span class='ocrx_word' id='word_1_60' title='bbox 1568 905 1753 970; x_wconf 87' lang='lat' dir='ltr'>erexit,</span> <span class='ocrx_word' id='word_1_61' title='bbox 1791 913 1847 958; x_wconf 91' lang='lat' dir='ltr'>et</span> <span class='ocrx_word' id='word_1_62' title='bbox 1884 906 1940 957; x_wconf 93' lang='lat' dir='ltr'>in</span> <span class='ocrx_word' id='word_1_63' title='bbox 1980 906 2280 959; x_wconf 88' lang='lat' dir='ltr'>subsidium</span> 
     </span>
     <span class='ocr_line' id='line_1_8' title="bbox 276 990 2279 1061; baseline 0.001 -21"><span class='ocrx_word' id='word_1_64' title='bbox 276 990 537 1058; x_wconf 87' lang='lat' dir='ltr'>largitatis</span> <span class='ocrx_word' id='word_1_65' title='bbox 574 990 791 1060; x_wconf 89' lang='lat' dir='ltr'>irrepsit</span> <span class='ocrx_word' id='word_1_66' title='bbox 824 990 1083 1055; x_wconf 82' lang='lat' dir='ltr'>aviditas3</span> <span class='ocrx_word' id='word_1_67' title='bbox 1125 990 1410 1042; x_wconf 84' lang='lat' dir='ltr'>affectabat</span> <span class='ocrx_word' id='word_1_68' title='bbox 1443 990 1587 1043; x_wconf 91' lang='lat' dir='ltr'>enim</span> <span class='ocrx_word' id='word_1_69' title='bbox 1622 1009 1942 1061; x_wconf 91' lang='lat' dir='ltr'>quocunque</span> <span class='ocrx_word' id='word_1_70' title='bbox 1969 993 2130 1045; x_wconf 91' lang='lat' dir='ltr'>modo</span> <span class='ocrx_word' id='word_1_71' title='bbox 2165 1010 2279 1044; x_wconf 90' lang='lat' dir='ltr'>rem</span> 
     </span>
     <span class='ocr_line' id='line_1_9' title="bbox 274 1075 2282 1147; baseline 0.002 -22"><span class='ocrx_word' id='word_1_72' title='bbox 274 1075 623 1140; x_wconf 82' lang='lat' dir='ltr'>lucrifacere,</span> <span class='ocrx_word' id='word_1_73' title='bbox 650 1076 902 1145; x_wconf 89' lang='lat' dir='ltr'>quatinus</span> <span class='ocrx_word' id='word_1_74' title='bbox 943 1076 1119 1128; x_wconf 90' lang='lat' dir='ltr'>modis</span> <span class='ocrx_word' id='word_1_75' title='bbox 1157 1075 1454 1128; x_wconf 89' lang='lat' dir='ltr'>abundaret</span> <span class='ocrx_word' id='word_1_76' title='bbox 1491 1076 1742 1128; x_wconf 89' lang='lat' dir='ltr'>omnibus</span> <span class='ocrx_word' id='word_1_77' title='bbox 1771 1077 1912 1141; x_wconf 86' lang='lat' dir='ltr'>dare,</span> <span class='ocrx_word' id='word_1_78' title='bbox 1950 1096 2050 1130; x_wconf 92' lang='lat' dir='ltr'>nec</span> <span class='ocrx_word' id='word_1_79' title='bbox 2087 1078 2282 1147; x_wconf 92' lang='lat' dir='ltr'>puduit</span> 
     </span>
     <span class='ocr_line' id='line_1_10' title="bbox 275 1161 2280 1232; baseline 0.003 -21"><span class='ocrx_word' id='word_1_80' title='bbox 275 1179 460 1229; x_wconf 86' lang='lat' dir='ltr'>rapere</span> <span class='ocrx_word' id='word_1_81' title='bbox 487 1162 634 1230; x_wconf 91' lang='lat' dir='ltr'>quod</span> <span class='ocrx_word' id='word_1_82' title='bbox 659 1170 847 1231; x_wconf 92' lang='lat' dir='ltr'>posset</span> <span class='ocrx_word' id='word_1_83' title='bbox 885 1179 1118 1231; x_wconf 86' lang='lat' dir='ltr'>erogare,</span> <span class='ocrx_word' id='word_1_84' title='bbox 1145 1180 1269 1214; x_wconf 90' lang='lat' dir='ltr'>cum</span> <span class='ocrx_word' id='word_1_85' title='bbox 1294 1179 1406 1213; x_wconf 90' lang='lat' dir='ltr'>non</span> <span class='ocrx_word' id='word_1_86' title='bbox 1434 1161 1627 1214; x_wconf 89' lang='lat' dir='ltr'>debeat</span> <span class='ocrx_word' id='word_1_87' title='bbox 1651 1162 1865 1232; x_wconf 84' lang='lat' dir='ltr'>largitas</span> <span class='ocrx_word' id='word_1_88' title='bbox 1891 1164 2158 1217; x_wconf 84' lang='lat' dir='ltr'>facultatis</span> <span class='ocrx_word' id='word_1_89' title='bbox 2185 1183 2280 1217; x_wconf 82' lang='lat' dir='ltr'>ex-</span> 
     </span>
     <span class='ocr_line' id='line_1_11' title="bbox 274 1247 2277 1317; baseline 0.003 -20"><span class='ocrx_word' id='word_1_90' title='bbox 274 1247 462 1299; x_wconf 89' lang='lat' dir='ltr'>cedere</span> <span class='ocrx_word' id='word_1_91' title='bbox 496 1247 738 1312; x_wconf 86' lang='lat' dir='ltr'>modum,</span> <span class='ocrx_word' id='word_1_92' title='bbox 765 1265 865 1299; x_wconf 90' lang='lat' dir='ltr'>nec</span> <span class='ocrx_word' id='word_1_93' title='bbox 893 1247 963 1299; x_wconf 89' lang='lat' dir='ltr'>sit</span> <span class='ocrx_word' id='word_1_94' title='bbox 1001 1248 1125 1300; x_wconf 89' lang='lat' dir='ltr'>dare</span> <span class='ocrx_word' id='word_1_95' title='bbox 1151 1247 1268 1299; x_wconf 89' lang='lat' dir='ltr'>laus</span> <span class='ocrx_word' id='word_1_96' title='bbox 1297 1248 1442 1317; x_wconf 91' lang='lat' dir='ltr'>quod</span> <span class='ocrx_word' id='word_1_97' title='bbox 1468 1247 1756 1317; x_wconf 89' lang='lat' dir='ltr'>adquisivit</span> <span class='ocrx_word' id='word_1_98' title='bbox 1780 1250 1941 1302; x_wconf 75' lang='lat' dir='ltr'>fraus,</span> <span class='ocrx_word' id='word_1_99' title='bbox 2019 1250 2127 1303; x_wconf 91' lang='lat' dir='ltr'>Hic</span> <span class='ocrx_word' id='word_1_100' title='bbox 2153 1269 2277 1303; x_wconf 91' lang='lat' dir='ltr'>cum</span> 
     </span>
     <span class='ocr_line' id='line_1_12' title="bbox 272 1333 2277 1405; baseline 0.002 -21"><span class='ocrx_word' id='word_1_101' title='bbox 272 1340 418 1384; x_wconf 91' lang='lat' dir='ltr'>esset</span> <span class='ocrx_word' id='word_1_102' title='bbox 436 1333 925 1403; x_wconf 84' lang='lat' dir='ltr'>incomparabiliter</span> <span class='ocrx_word' id='word_1_103' title='bbox 951 1353 1195 1386; x_wconf 89' lang='lat' dir='ltr'>summus</span> <span class='ocrx_word' id='word_1_104' title='bbox 1223 1334 1486 1399; x_wconf 89' lang='lat' dir='ltr'>omnium,</span> <span class='ocrx_word' id='word_1_105' title='bbox 1513 1343 1567 1386; x_wconf 92' lang='lat' dir='ltr'>et</span> <span class='ocrx_word' id='word_1_106' title='bbox 1591 1334 1766 1404; x_wconf 89' lang='lat' dir='ltr'>possit</span> <span class='ocrx_word' id='word_1_107' title='bbox 1784 1334 1850 1386; x_wconf 90' lang='lat' dir='ltr'>ab</span> <span class='ocrx_word' id='word_1_108' title='bbox 1868 1336 2060 1405; x_wconf 87' lang='lat' dir='ltr'>ignavo</span> <span class='ocrx_word' id='word_1_109' title='bbox 2088 1337 2277 1390; x_wconf 93' lang='lat' dir='ltr'>divite-</span> 
     </span>
     <span class='ocr_line' id='line_1_13' title="bbox 273 1418 2277 1489; baseline 0.003 -21"><span class='ocrx_word' id='word_1_110' title='bbox 273 1436 377 1487; x_wconf 92' lang='lat' dir='ltr'>que</span> <span class='ocrx_word' id='word_1_111' title='bbox 399 1418 618 1470; x_wconf 87' lang='lat' dir='ltr'>domino</span> <span class='ocrx_word' id='word_1_112' title='bbox 629 1418 840 1487; x_wconf 92' lang='lat' dir='ltr'>quidvis</span> <span class='ocrx_word' id='word_1_113' title='bbox 861 1418 1013 1471; x_wconf 88' lang='lat' dir='ltr'>facile</span> <span class='ocrx_word' id='word_1_114' title='bbox 1030 1419 1111 1471; x_wconf 91' lang='lat' dir='ltr'>vir</span> <span class='ocrx_word' id='word_1_115' title='bbox 1129 1418 1334 1488; x_wconf 92' lang='lat' dir='ltr'>probus</span> <span class='ocrx_word' id='word_1_116' title='bbox 1356 1426 1411 1471; x_wconf 90' lang='lat' dir='ltr'>et</span> <span class='ocrx_word' id='word_1_117' title='bbox 1429 1419 1710 1488; x_wconf 89' lang='lat' dir='ltr'>improbus</span> <span class='ocrx_word' id='word_1_118' title='bbox 1731 1420 1991 1489; x_wconf 78' lang='lat' dir='ltr'>optinere,</span> <span class='ocrx_word' id='word_1_119' title='bbox 2009 1440 2039 1473; x_wconf 89' lang='lat' dir='ltr'>a</span> <span class='ocrx_word' id='word_1_120' title='bbox 2059 1422 2277 1475; x_wconf 90' lang='lat' dir='ltr'>domino</span> 
     </span>
     <span class='ocr_line' id='line_1_14' title="bbox 274 1503 2277 1576; baseline 0.002 -22"><span class='ocrx_word' id='word_1_121' title='bbox 274 1522 371 1555; x_wconf 92' lang='lat' dir='ltr'>suo</span> <span class='ocrx_word' id='word_1_122' title='bbox 389 1521 509 1572; x_wconf 82' lang='lat' dir='ltr'>rege</span> <span class='ocrx_word' id='word_1_123' title='bbox 527 1504 843 1555; x_wconf 89' lang='lat' dir='ltr'>comitatum</span> <span class='ocrx_word' id='word_1_124' title='bbox 862 1503 1099 1556; x_wconf 91' lang='lat' dir='ltr'>obtinuit</span> <span class='ocrx_word' id='word_1_125' title='bbox 1115 1513 1170 1556; x_wconf 93' lang='lat' dir='ltr'>et</span> <span class='ocrx_word' id='word_1_126' title='bbox 1187 1504 1469 1556; x_wconf 90' lang='lat' dir='ltr'>dimidium</span> <span class='ocrx_word' id='word_1_127' title='bbox 1492 1513 1547 1556; x_wconf 92' lang='lat' dir='ltr'>et</span> <span class='ocrx_word' id='word_1_128' title='bbox 1561 1523 1657 1574; x_wconf 91' lang='lat' dir='ltr'>per</span> <span class='ocrx_word' id='word_1_129' title='bbox 1671 1505 1788 1557; x_wconf 90' lang='lat' dir='ltr'>loca</span> <span class='ocrx_word' id='word_1_130' title='bbox 1803 1513 1921 1557; x_wconf 91' lang='lat' dir='ltr'>tum</span> <span class='ocrx_word' id='word_1_131' title='bbox 1941 1506 2007 1558; x_wconf 92' lang='lat' dir='ltr'>ab</span> <span class='ocrx_word' id='word_1_132' title='bbox 2023 1506 2143 1576; x_wconf 91' lang='lat' dir='ltr'>ipso</span> <span class='ocrx_word' id='word_1_133' title='bbox 2160 1515 2277 1560; x_wconf 90' lang='lat' dir='ltr'>tum</span> 
     </span>
     <span class='ocr_line' id='line_1_15' title="bbox 274 1588 2280 1661; baseline 0.003 -22"><span class='ocrx_word' id='word_1_134' title='bbox 274 1588 340 1640; x_wconf 93' lang='lat' dir='ltr'>ab</span> <span class='ocrx_word' id='word_1_135' title='bbox 377 1589 491 1640; x_wconf 91' lang='lat' dir='ltr'>aliis</span> <span class='ocrx_word' id='word_1_136' title='bbox 529 1589 738 1659; x_wconf 86' lang='lat' dir='ltr'>singula</span> <span class='ocrx_word' id='word_1_137' title='bbox 774 1609 1000 1659; x_wconf 87' lang='lat' dir='ltr'>quaeque</span> <span class='ocrx_word' id='word_1_138' title='bbox 1034 1590 1247 1660; x_wconf 90' lang='lat' dir='ltr'>placita.</span> <span class='ocrx_word' id='word_1_139' title='bbox 1325 1590 1602 1643; x_wconf 89' lang='lat' dir='ltr'>Bcrckelai</span> <span class='ocrx_word' id='word_1_140' title='bbox 1627 1609 1796 1661; x_wconf 91' lang='lat' dir='ltr'>prope</span> <span class='ocrx_word' id='word_1_141' title='bbox 1832 1591 2130 1658; x_wconf 82' lang='lat' dir='ltr'>Sabrinam,</span> <span class='ocrx_word' id='word_1_142' title='bbox 2156 1594 2280 1646; x_wconf 91' lang='lat' dir='ltr'>villa</span> 
     </span>
     <span class='ocr_line' id='line_1_16' title="bbox 271 1676 2279 1744; baseline 0.003 -18"><span class='ocrx_word' id='word_1_143' title='bbox 271 1676 685 1744; x_wconf 83' lang='lat' dir='ltr'>quingentarum</span> <span class='ocrx_word' id='word_1_144' title='bbox 747 1676 1021 1741; x_wconf 89' lang='lat' dir='ltr'>librarum,</span> <span class='ocrx_word' id='word_1_145' title='bbox 1067 1676 1381 1729; x_wconf 88' lang='lat' dir='ltr'>monialium</span> <span class='ocrx_word' id='word_1_146' title='bbox 1430 1685 1544 1730; x_wconf 88' lang='lat' dir='ltr'>erat</span> <span class='ocrx_word' id='word_1_147' title='bbox 1586 1676 1662 1729; x_wconf 90' lang='lat' dir='ltr'>ibi</span> <span class='ocrx_word' id='word_1_148' title='bbox 1707 1677 2056 1740; x_wconf 87' lang='lat' dir='ltr'>manentium,</span> <span class='ocrx_word' id='word_1_149' title='bbox 2097 1686 2153 1731; x_wconf 89' lang='lat' dir='ltr'>et</span> <span class='ocrx_word' id='word_1_150' title='bbox 2194 1679 2279 1732; x_wconf 90' lang='lat' dir='ltr'>his</span> 
     </span>
     <span class='ocr_line' id='line_1_17' title="bbox 273 1761 2281 1833; baseline 0.002 -21"><span class='ocrx_word' id='word_1_151' title='bbox 273 1761 547 1813; x_wconf 86' lang='lat' dir='ltr'>abbatissa</span> <span class='ocrx_word' id='word_1_152' title='bbox 595 1761 794 1813; x_wconf 88' lang='lat' dir='ltr'>nobilis</span> <span class='ocrx_word' id='word_1_153' title='bbox 845 1770 901 1814; x_wconf 91' lang='lat' dir='ltr'>et</span> <span class='ocrx_word' id='word_1_154' title='bbox 949 1763 1202 1815; x_wconf 88' lang='lat' dir='ltr'>formosa.</span> <span class='ocrx_word' id='word_1_155' title='bbox 1297 1763 1395 1814; x_wconf 89' lang='lat' dir='ltr'>Vir</span> <span class='ocrx_word' id='word_1_156' title='bbox 1444 1770 1623 1815; x_wconf 89' lang='lat' dir='ltr'>autem</span> <span class='ocrx_word' id='word_1_157' title='bbox 1685 1763 1972 1833; x_wconf 77' lang='lat' dir='ltr'>praedictus</span> <span class='ocrx_word' id='word_1_158' title='bbox 2029 1765 2281 1817; x_wconf 88' lang='lat' dir='ltr'>omnibus</span> 
     </span>
     <span class='ocr_line' id='line_1_18' title="bbox 269 1847 2278 1918; baseline 0.002 -20"><span class='ocrx_word' id='word_1_159' title='bbox 269 1847 528 1916; x_wconf 83' lang='lat' dir='ltr'>inspectis</span> <span class='ocrx_word' id='word_1_160' title='bbox 554 1847 610 1897; x_wconf 89' lang='lat' dir='ltr'>in</span> <span class='ocrx_word' id='word_1_161' title='bbox 647 1847 772 1899; x_wconf 93' lang='lat' dir='ltr'>dolo</span> <span class='ocrx_word' id='word_1_162' title='bbox 800 1847 986 1899; x_wconf 89' lang='lat' dir='ltr'>subtili</span> <span class='ocrx_word' id='word_1_163' title='bbox 1013 1848 1160 1911; x_wconf 84' lang='lat' dir='ltr'>satiS,</span> <span class='ocrx_word' id='word_1_164' title='bbox 1195 1867 1306 1900; x_wconf 91' lang='lat' dir='ltr'>non</span> <span class='ocrx_word' id='word_1_165' title='bbox 1333 1847 1507 1918; x_wconf 89' lang='lat' dir='ltr'>ipsam</span> <span class='ocrx_word' id='word_1_166' title='bbox 1536 1849 1631 1900; x_wconf 91' lang='lat' dir='ltr'>sed</span> <span class='ocrx_word' id='word_1_167' title='bbox 1658 1867 1755 1900; x_wconf 89' lang='lat' dir='ltr'>sua</span> <span class='ocrx_word' id='word_1_168' title='bbox 1780 1849 2021 1918; x_wconf 81' lang='lat' dir='ltr'>cupienS,</span> <span class='ocrx_word' id='word_1_169' title='bbox 2051 1850 2107 1901; x_wconf 93' lang='lat' dir='ltr'>in</span> <span class='ocrx_word' id='word_1_170' title='bbox 2134 1857 2278 1903; x_wconf 90' lang='lat' dir='ltr'>tran-</span> 
     </span>
     <span class='ocr_line' id='line_1_19' title="bbox 272 1931 2279 2003; baseline 0.002 -19"><span class='ocrx_word' id='word_1_171' title='bbox 272 1933 380 1984; x_wconf 90' lang='lat' dir='ltr'>situ</span> <span class='ocrx_word' id='word_1_172' title='bbox 419 1933 468 1984; x_wconf 91' lang='lat' dir='ltr'>ei</span> <span class='ocrx_word' id='word_1_173' title='bbox 494 1931 715 2002; x_wconf 42' lang='lat' dir='ltr'>reliquit*</span> <span class='ocrx_word' id='word_1_174' title='bbox 737 1941 992 2002; x_wconf 90' lang='lat' dir='ltr'>nepotem</span> <span class='ocrx_word' id='word_1_175' title='bbox 1020 1952 1179 1985; x_wconf 92' lang='lat' dir='ltr'>suum</span> <span class='ocrx_word' id='word_1_176' title='bbox 1199 1934 1458 2003; x_wconf 86' lang='lat' dir='ltr'>juvenem</span> <span class='ocrx_word' id='word_1_177' title='bbox 1484 1934 1895 2002; x_wconf 65' lang='lat' dir='ltr'>elegantissimae</span> <span class='ocrx_word' id='word_1_178' title='bbox 1931 1936 2135 2000; x_wconf 80' lang='lat' dir='ltr'>formae,</span> <span class='ocrx_word' id='word_1_179' title='bbox 2161 1945 2279 1989; x_wconf 90' lang='lat' dir='ltr'>tan-</span> 
     </span>
     <span class='ocr_line' id='line_1_20' title="bbox 270 2019 2280 2090; baseline 0.002 -21"><span class='ocrx_word' id='word_1_180' title='bbox 270 2037 433 2087; x_wconf 90' lang='lat' dir='ltr'>quam</span> <span class='ocrx_word' id='word_1_181' title='bbox 484 2019 759 2071; x_wconf 90' lang='lat' dir='ltr'>infirmum</span> <span class='ocrx_word' id='word_1_182' title='bbox 811 2020 983 2072; x_wconf 92' lang='lat' dir='ltr'>donec</span> <span class='ocrx_word' id='word_1_183' title='bbox 1045 2026 1418 2084; x_wconf 86' lang='lat' dir='ltr'>reverteretur,</span> <span class='ocrx_word' id='word_1_184' title='bbox 1474 2019 1837 2090; x_wconf 84' lang='lat' dir='ltr'>instruxitque</span> <span class='ocrx_word' id='word_1_185' title='bbox 1893 2021 2161 2090; x_wconf 87' lang='lat' dir='ltr'>jacentem</span> <span class='ocrx_word' id='word_1_186' title='bbox 2212 2041 2280 2075; x_wconf 90' lang='lat' dir='ltr'>ne</span> 
     </span>
     <span class='ocr_line' id='line_1_21' title="bbox 267 2104 2281 2174; baseline 0.002 -20"><span class='ocrx_word' id='word_1_187' title='bbox 267 2104 484 2172; x_wconf 90' lang='lat' dir='ltr'>penitus</span> <span class='ocrx_word' id='word_1_188' title='bbox 541 2104 940 2156; x_wconf 87' lang='lat' dir='ltr'>convalesceret</span> <span class='ocrx_word' id='word_1_189' title='bbox 984 2105 1156 2156; x_wconf 90' lang='lat' dir='ltr'>donec</span> <span class='ocrx_word' id='word_1_190' title='bbox 1199 2104 1482 2157; x_wconf 90' lang='lat' dir='ltr'>visitantes</span> <span class='ocrx_word' id='word_1_191' title='bbox 1532 2104 1714 2174; x_wconf 89' lang='lat' dir='ltr'>ipsum</span> <span class='ocrx_word' id='word_1_192' title='bbox 1766 2114 1821 2158; x_wconf 93' lang='lat' dir='ltr'>et</span> <span class='ocrx_word' id='word_1_193' title='bbox 1860 2106 2186 2158; x_wconf 87' lang='lat' dir='ltr'>abbatissam</span> <span class='ocrx_word' id='word_1_194' title='bbox 2226 2116 2281 2159; x_wconf 94' lang='lat' dir='ltr'>et</span> 
     </span>
     <span class='ocr_line' id='line_1_22' title="bbox 265 2189 2281 2256; baseline 0.003 -17"><span class='ocrx_word' id='word_1_195' title='bbox 265 2206 614 2256; x_wconf 91' lang='lat' dir='ltr'>quascunque</span> <span class='ocrx_word' id='word_1_196' title='bbox 653 2197 841 2256; x_wconf 89' lang='lat' dir='ltr'>posset</span> <span class='ocrx_word' id='word_1_197' title='bbox 883 2189 1142 2241; x_wconf 89' lang='lat' dir='ltr'>moniales</span> <span class='ocrx_word' id='word_1_198' title='bbox 1183 2189 1400 2241; x_wconf 88' lang='lat' dir='ltr'>fecisset</span> <span class='ocrx_word' id='word_1_199' title='bbox 1443 2189 1508 2240; x_wconf 93' lang='lat' dir='ltr'>de</span> <span class='ocrx_word' id='word_1_200' title='bbox 1562 2190 1806 2242; x_wconf 90' lang='lat' dir='ltr'>honestis</span> <span class='ocrx_word' id='word_1_201' title='bbox 1845 2199 2085 2256; x_wconf 83' lang='lat' dir='ltr'>onustaS,</span> <span class='ocrx_word' id='word_1_202' title='bbox 2126 2200 2181 2244; x_wconf 90' lang='lat' dir='ltr'>et</span> <span class='ocrx_word' id='word_1_203' title='bbox 2218 2200 2281 2245; x_wconf 94' lang='lat' dir='ltr'>ut</span> 
     </span>
     <span class='ocr_line' id='line_1_23' title="bbox 266 2273 2279 2345; baseline 0.003 -21"><span class='ocrx_word' id='word_1_204' title='bbox 266 2274 483 2343; x_wconf 89' lang='lat' dir='ltr'>plenam</span> <span class='ocrx_word' id='word_1_205' title='bbox 517 2273 720 2325; x_wconf 89' lang='lat' dir='ltr'>valeret</span> <span class='ocrx_word' id='word_1_206' title='bbox 759 2274 825 2326; x_wconf 91' lang='lat' dir='ltr'>ab</span> <span class='ocrx_word' id='word_1_207' title='bbox 871 2275 948 2326; x_wconf 89' lang='lat' dir='ltr'>eis</span> <span class='ocrx_word' id='word_1_208' title='bbox 993 2274 1208 2343; x_wconf 91' lang='lat' dir='ltr'>assequi</span> <span class='ocrx_word' id='word_1_209' title='bbox 1238 2292 1373 2343; x_wconf 91' lang='lat' dir='ltr'>puer</span> <span class='ocrx_word' id='word_1_210' title='bbox 1408 2274 1734 2327; x_wconf 90' lang='lat' dir='ltr'>visitationis</span> <span class='ocrx_word' id='word_1_211' title='bbox 1759 2276 1983 2345; x_wconf 87' lang='lat' dir='ltr'>gratiam</span> <span class='ocrx_word' id='word_1_212' title='bbox 2009 2278 2198 2330; x_wconf 89' lang='lat' dir='ltr'>anulos</span> <span class='ocrx_word' id='word_1_213' title='bbox 2224 2288 2279 2331; x_wconf 91' lang='lat' dir='ltr'>et</span> 
     </span>
     <span class='ocr_line' id='line_1_24' title="bbox 265 2359 2277 2434; baseline 0.002 -23"><span class='ocrx_word' id='word_1_214' title='bbox 265 2360 490 2411; x_wconf 87' lang='lat' dir='ltr'>zonulos</span> <span class='ocrx_word' id='word_1_215' title='bbox 517 2359 874 2429; x_wconf 90' lang='lat' dir='ltr'>nebridesque</span> <span class='ocrx_word' id='word_1_216' title='bbox 900 2361 1127 2430; x_wconf 86' lang='lat' dir='ltr'>gemmis</span> <span class='ocrx_word' id='word_1_217' title='bbox 1156 2359 1389 2411; x_wconf 88' lang='lat' dir='ltr'>sidereas</span> <span class='ocrx_word' id='word_1_218' title='bbox 1417 2359 1465 2411; x_wconf 93' lang='lat' dir='ltr'>ei</span> <span class='ocrx_word' id='word_1_219' title='bbox 1493 2360 1642 2412; x_wconf 88' lang='lat' dir='ltr'>dedit</span> <span class='ocrx_word' id='word_1_220' title='bbox 1665 2360 1799 2427; x_wconf 89' lang='lat' dir='ltr'>ipsis</span> <span class='ocrx_word' id='word_1_221' title='bbox 1825 2361 1881 2413; x_wconf 91' lang='lat' dir='ltr'>in</span> <span class='ocrx_word' id='word_1_222' title='bbox 1907 2362 2095 2414; x_wconf 89' lang='lat' dir='ltr'>fraude</span> <span class='ocrx_word' id='word_1_223' title='bbox 2120 2363 2277 2434; x_wconf 84' lang='lat' dir='ltr'>largi-</span> 
     </span>
     <span class='ocr_line' id='line_1_25' title="bbox 263 2444 2276 2517; baseline 0.002 -21"><span class='ocrx_word' id='word_1_224' title='bbox 263 2446 419 2497; x_wconf 88' lang='lat' dir='ltr'>enda.</span> <span class='ocrx_word' id='word_1_225' title='bbox 498 2445 552 2496; x_wconf 95' lang='lat' dir='ltr'>Is</span> <span class='ocrx_word' id='word_1_226' title='bbox 579 2444 742 2514; x_wconf 86' lang='lat' dir='ltr'>igitur</span> <span class='ocrx_word' id='word_1_227' title='bbox 766 2445 1060 2514; x_wconf 90' lang='lat' dir='ltr'>voluptatis</span> <span class='ocrx_word' id='word_1_228' title='bbox 1087 2445 1188 2497; x_wconf 89' lang='lat' dir='ltr'>iter</span> <span class='ocrx_word' id='word_1_229' title='bbox 1222 2445 1533 2497; x_wconf 90' lang='lat' dir='ltr'>ultroneum</span> <span class='ocrx_word' id='word_1_230' title='bbox 1559 2445 1790 2499; x_wconf 87' lang='lat' dir='ltr'>libenter</span> <span class='ocrx_word' id='word_1_231' title='bbox 1814 2465 2112 2516; x_wconf 84' lang='lat' dir='ltr'>aggressuS,</span> <span class='ocrx_word' id='word_1_232' title='bbox 2152 2450 2276 2517; x_wconf 88' lang='lat' dir='ltr'>quia</span> 
     </span>
     <span class='ocr_line' id='line_1_26' title="bbox 267 2530 2277 2604; baseline 0.001 -21"><span class='ocrx_word' id='word_1_233' title='bbox 267 2531 468 2583; x_wconf 89' lang='lat' dir='ltr'>‘facilis</span> <span class='ocrx_word' id='word_1_234' title='bbox 496 2531 788 2583; x_wconf 91' lang='lat' dir='ltr'>descensus</span> <span class='ocrx_word' id='word_1_235' title='bbox 814 2530 1052 2595; x_wconf 89' lang='lat' dir='ltr'>Averni,&#39;</span> <span class='ocrx_word' id='word_1_236' title='bbox 1079 2531 1231 2583; x_wconf 87' lang='lat' dir='ltr'>facile</span> <span class='ocrx_word' id='word_1_237' title='bbox 1259 2531 1496 2592; x_wconf 87' lang='lat' dir='ltr'>docetur,</span> <span class='ocrx_word' id='word_1_238' title='bbox 1526 2539 1581 2583; x_wconf 91' lang='lat' dir='ltr'>et</span> <span class='ocrx_word' id='word_1_239' title='bbox 1617 2531 1674 2582; x_wconf 92' lang='lat' dir='ltr'>in</span> <span class='ocrx_word' id='word_1_240' title='bbox 1717 2531 1774 2582; x_wconf 94' lang='lat' dir='ltr'>id</span> <span class='ocrx_word' id='word_1_241' title='bbox 1814 2533 1958 2600; x_wconf 93' lang='lat' dir='ltr'>quod</span> <span class='ocrx_word' id='word_1_242' title='bbox 1997 2532 2100 2584; x_wconf 92' lang='lat' dir='ltr'>sibi</span> <span class='ocrx_word' id='word_1_243' title='bbox 2137 2534 2277 2604; x_wconf 90' lang='lat' dir='ltr'>sapit</span> 
     </span>
     <span class='ocr_line' id='line_1_27' title="bbox 263 2616 2274 2688; baseline 0.001 -18"><span class='ocrx_word' id='word_1_244' title='bbox 263 2617 534 2687; x_wconf 88' lang='lat' dir='ltr'>sapienter</span> <span class='ocrx_word' id='word_1_245' title='bbox 578 2617 791 2686; x_wconf 88' lang='lat' dir='ltr'>desipit.</span> <span class='ocrx_word' id='word_1_246' title='bbox 870 2618 1042 2668; x_wconf 91' lang='lat' dir='ltr'>Penes</span> <span class='ocrx_word' id='word_1_247' title='bbox 1087 2616 1269 2686; x_wconf 93' lang='lat' dir='ltr'>ipsum</span> <span class='ocrx_word' id='word_1_248' title='bbox 1309 2616 1563 2681; x_wconf 89' lang='lat' dir='ltr'>resident,</span> <span class='ocrx_word' id='word_1_249' title='bbox 1609 2616 1789 2668; x_wconf 89' lang='lat' dir='ltr'>omnia</span> <span class='ocrx_word' id='word_1_250' title='bbox 1831 2617 1994 2669; x_wconf 89' lang='lat' dir='ltr'>fatuis</span> <span class='ocrx_word' id='word_1_251' title='bbox 2037 2620 2274 2688; x_wconf 91' lang='lat' dir='ltr'>optanda</span> 
     </span>
     <span class='ocr_line' id='line_1_28' title="bbox 261 2702 2271 2772; baseline 0.001 -18"><span class='ocrx_word' id='word_1_252' title='bbox 261 2703 559 2772; x_wconf 84' lang='lat' dir='ltr'>virginibus</span> <span class='ocrx_word' id='word_1_253' title='bbox 591 2702 952 2772; x_wconf 88' lang='lat' dir='ltr'>pulchritudo,</span> <span class='ocrx_word' id='word_1_254' title='bbox 980 2703 1290 2755; x_wconf 88' lang='lat' dir='ltr'>deliciarum</span> <span class='ocrx_word' id='word_1_255' title='bbox 1327 2702 1548 2764; x_wconf 76' lang='lat' dir='ltr'>divitiae,</span> <span class='ocrx_word' id='word_1_256' title='bbox 1581 2702 1884 2767; x_wconf 83' lang='lat' dir='ltr'>affabilitas,</span> <span class='ocrx_word' id='word_1_257' title='bbox 1919 2711 1974 2755; x_wconf 93' lang='lat' dir='ltr'>et</span> <span class='ocrx_word' id='word_1_258' title='bbox 2012 2704 2271 2757; x_wconf 91' lang='lat' dir='ltr'>sollicitus</span> 
     </span>
     <span class='ocr_line' id='line_1_29' title="bbox 262 2788 2271 2858; baseline 0.001 -18"><span class='ocrx_word' id='word_1_259' title='bbox 262 2797 347 2840; x_wconf 91' lang='lat' dir='ltr'>est</span> <span class='ocrx_word' id='word_1_260' title='bbox 386 2789 595 2858; x_wconf 84' lang='lat' dir='ltr'>singula</span> <span class='ocrx_word' id='word_1_261' title='bbox 619 2790 800 2841; x_wconf 90' lang='lat' dir='ltr'>locum</span> <span class='ocrx_word' id='word_1_262' title='bbox 840 2789 1037 2842; x_wconf 90' lang='lat' dir='ltr'>habere</span> <span class='ocrx_word' id='word_1_263' title='bbox 1076 2789 1316 2841; x_wconf 88' lang='lat' dir='ltr'>zabulus.</span> <span class='ocrx_word' id='word_1_264' title='bbox 1395 2788 1664 2841; x_wconf 87' lang='lat' dir='ltr'>Palladem</span> <span class='ocrx_word' id='word_1_265' title='bbox 1702 2789 1864 2858; x_wconf 86' lang='lat' dir='ltr'>igitur</span> <span class='ocrx_word' id='word_1_266' title='bbox 1901 2790 2124 2858; x_wconf 81' lang='lat' dir='ltr'>expulit,</span> <span class='ocrx_word' id='word_1_267' title='bbox 2162 2791 2271 2843; x_wconf 94' lang='lat' dir='ltr'>Ve-</span> 
     </span>
     <span class='ocr_line' id='line_1_30' title="bbox 261 2874 2268 2945; baseline 0.001 -20"><span class='ocrx_word' id='word_1_268' title='bbox 261 2892 445 2926; x_wconf 85' lang='lat' dir='ltr'>nerem</span> <span class='ocrx_word' id='word_1_269' title='bbox 471 2874 672 2939; x_wconf 91' lang='lat' dir='ltr'>intulit,</span> <span class='ocrx_word' id='word_1_270' title='bbox 710 2875 943 2945; x_wconf 91' lang='lat' dir='ltr'>fecitque</span> <span class='ocrx_word' id='word_1_271' title='bbox 983 2875 1276 2928; x_wconf 88' lang='lat' dir='ltr'>Salvatoris</span> <span class='ocrx_word' id='word_1_272' title='bbox 1316 2881 1371 2927; x_wconf 92' lang='lat' dir='ltr'>et</span> <span class='ocrx_word' id='word_1_273' title='bbox 1406 2882 1714 2926; x_wconf 87' lang='lat' dir='ltr'>sanctorum</span> <span class='ocrx_word' id='word_1_274' title='bbox 1751 2874 2027 2927; x_wconf 88' lang='lat' dir='ltr'>ecclesiam</span> <span class='ocrx_word' id='word_1_275' title='bbox 2067 2894 2268 2928; x_wconf 89' lang='lat' dir='ltr'>sacram</span> 
     </span>
     <span class='ocr_line' id='line_1_31' title="bbox 262 2960 2268 3029; baseline 0.001 -18"><span class='ocrx_word' id='word_1_276' title='bbox 262 2960 557 3012; x_wconf 87' lang='lat' dir='ltr'>execrabile</span> <span class='ocrx_word' id='word_1_277' title='bbox 598 2961 892 3029; x_wconf 88' lang='lat' dir='ltr'>pantheon,</span> <span class='ocrx_word' id='word_1_278' title='bbox 932 2968 987 3013; x_wconf 94' lang='lat' dir='ltr'>et</span> <span class='ocrx_word' id='word_1_279' title='bbox 1025 2961 1310 3012; x_wconf 89' lang='lat' dir='ltr'>delubrum</span> <span class='ocrx_word' id='word_1_280' title='bbox 1336 2961 1578 3029; x_wconf 89' lang='lat' dir='ltr'>lupanar,</span> <span class='ocrx_word' id='word_1_281' title='bbox 1605 2968 1661 3012; x_wconf 93' lang='lat' dir='ltr'>et</span> <span class='ocrx_word' id='word_1_282' title='bbox 1687 2960 1762 3012; x_wconf 93' lang='lat' dir='ltr'>sic</span> <span class='ocrx_word' id='word_1_283' title='bbox 1789 2979 1952 3029; x_wconf 87' lang='lat' dir='ltr'>agnas</span> <span class='ocrx_word' id='word_1_284' title='bbox 1988 2962 2180 3013; x_wconf 88' lang='lat' dir='ltr'>evertit</span> <span class='ocrx_word' id='word_1_285' title='bbox 2212 2962 2268 3013; x_wconf 92' lang='lat' dir='ltr'>in</span> 
     </span>
     <span class='ocr_line' id='line_1_32' title="bbox 261 3045 2270 3116; baseline 0.001 -20"><span class='ocrx_word' id='word_1_286' title='bbox 261 3045 434 3114; x_wconf 85' lang='lat' dir='ltr'>lupas.</span> <span class='ocrx_word' id='word_1_287' title='bbox 508 3046 868 3098; x_wconf 89' lang='lat' dir='ltr'>Tumentibus</span> <span class='ocrx_word' id='word_1_288' title='bbox 903 3046 1066 3115; x_wconf 83' lang='lat' dir='ltr'>igitur</span> <span class='ocrx_word' id='word_1_289' title='bbox 1109 3046 1396 3098; x_wconf 83' lang='lat' dir='ltr'>abbatissae</span> <span class='ocrx_word' id='word_1_290' title='bbox 1431 3046 1826 3115; x_wconf 90' lang='lat' dir='ltr'>multarumque</span> <span class='ocrx_word' id='word_1_291' title='bbox 1865 3045 2124 3111; x_wconf 83' lang='lat' dir='ltr'>uteribuS,</span> <span class='ocrx_word' id='word_1_292' title='bbox 2156 3047 2270 3116; x_wconf 85' lang='lat' dir='ltr'>jam</span> 
     </span>
     <span class='ocr_line' id='line_1_33' title="bbox 257 3131 2269 3202; baseline 0.001 -20"><span class='ocrx_word' id='word_1_293' title='bbox 257 3131 575 3200; x_wconf 86' lang='lat' dir='ltr'>relanguens</span> <span class='ocrx_word' id='word_1_294' title='bbox 602 3138 657 3183; x_wconf 90' lang='lat' dir='ltr'>et</span> <span class='ocrx_word' id='word_1_295' title='bbox 680 3131 857 3183; x_wconf 90' lang='lat' dir='ltr'>victus</span> <span class='ocrx_word' id='word_1_296' title='bbox 883 3132 1179 3202; x_wconf 89' lang='lat' dir='ltr'>voluptatis</span> <span class='ocrx_word' id='word_1_297' title='bbox 1207 3131 1412 3184; x_wconf 91' lang='lat' dir='ltr'>evictor</span> <span class='ocrx_word' id='word_1_298' title='bbox 1446 3131 1641 3196; x_wconf 87' lang='lat' dir='ltr'>evolat,</span> <span class='ocrx_word' id='word_1_299' title='bbox 1685 3139 1741 3183; x_wconf 92' lang='lat' dir='ltr'>et</span> <span class='ocrx_word' id='word_1_300' title='bbox 1778 3131 1998 3184; x_wconf 90' lang='lat' dir='ltr'>domino</span> <span class='ocrx_word' id='word_1_301' title='bbox 2026 3151 2124 3184; x_wconf 93' lang='lat' dir='ltr'>suo</span> <span class='ocrx_word' id='word_1_302' title='bbox 2158 3133 2269 3185; x_wconf 89' lang='lat' dir='ltr'>vic-</span> 
     </span>
    </p>
   </div>
   <div class='ocr_carea' id='block_1_3' title="bbox 256 3266 2275 3387">
    <p class='ocr_par' dir='ltr' id='par_1_3' title="bbox 256 3266 2275 3387">
     <span class='ocr_line' id='line_1_34' title="bbox 312 3266 2275 3319; baseline 0.001 -14"><span class='ocrx_word' id='word_1_303' title='bbox 312 3267 336 3292; x_wconf 67' lang='lat'><em>*</em></span> <span class='ocrx_word' id='word_1_304' title='bbox 365 3266 452 3305; x_wconf 85' lang='lat' dir='ltr'>The</span> <span class='ocrx_word' id='word_1_305' title='bbox 473 3267 657 3305; x_wconf 86' lang='lat' dir='ltr'>Norman</span> <span class='ocrx_word' id='word_1_306' title='bbox 670 3267 823 3306; x_wconf 86' lang='lat' dir='ltr'>writers</span> <span class='ocrx_word' id='word_1_307' title='bbox 844 3267 991 3306; x_wconf 88' lang='lat' dir='ltr'>almost</span> <span class='ocrx_word' id='word_1_308' title='bbox 1009 3267 1251 3319; x_wconf 77' lang='lat' dir='ltr'>invariably‘</span> <span class='ocrx_word' id='word_1_309' title='bbox 1289 3279 1401 3318; x_wconf 90' lang='lat' dir='ltr'>upon</span> <span class='ocrx_word' id='word_1_310' title='bbox 1421 3266 1513 3307; x_wconf 85' lang='lat' dir='ltr'>him.</span> <span class='ocrx_word' id='word_1_311' title='bbox 1528 3266 1609 3306; x_wconf 86' lang='lat' dir='ltr'>and</span> <span class='ocrx_word' id='word_1_312' title='bbox 1636 3266 1699 3306; x_wconf 90' lang='lat' dir='ltr'>his</span> <span class='ocrx_word' id='word_1_313' title='bbox 1720 3266 1860 3318; x_wconf 85' lang='lat' dir='ltr'>family</span> <span class='ocrx_word' id='word_1_314' title='bbox 1881 3279 1924 3306; x_wconf 81' lang='lat' dir='ltr'>as</span> <span class='ocrx_word' id='word_1_315' title='bbox 1944 3267 2012 3306; x_wconf 88' lang='lat' dir='ltr'>the</span> <span class='ocrx_word' id='word_1_316' title='bbox 2032 3267 2207 3307; x_wconf 88' lang='lat' dir='ltr'>enemies</span> <span class='ocrx_word' id='word_1_317' title='bbox 2228 3268 2275 3307; x_wconf 89' lang='lat' dir='ltr'>of</span> 
     </span>
     <span class='ocr_line' id='line_1_35' title="bbox 256 3335 1518 3387; baseline 0.001 -14"><span class='ocrx_word' id='word_1_318' title='bbox 256 3336 386 3386; x_wconf 89' lang='lat' dir='ltr'>spoke</span> <span class='ocrx_word' id='word_1_319' title='bbox 415 3336 460 3374; x_wconf 83' lang='lat' dir='ltr'>ill</span> <span class='ocrx_word' id='word_1_320' title='bbox 492 3335 538 3374; x_wconf 90' lang='lat' dir='ltr'>of</span> <span class='ocrx_word' id='word_1_321' title='bbox 571 3335 755 3382; x_wconf 88' lang='lat' dir='ltr'>Godwin,</span> <span class='ocrx_word' id='word_1_322' title='bbox 777 3336 948 3377; x_wconf 85' lang='lat' dir='ltr'>because</span> <span class='ocrx_word' id='word_1_323' title='bbox 969 3336 1064 3387; x_wconf 86' lang='lat' dir='ltr'>they</span> <span class='ocrx_word' id='word_1_324' title='bbox 1085 3336 1234 3375; x_wconf 88' lang='lat' dir='ltr'>looked</span> <span class='ocrx_word' id='word_1_325' title='bbox 1290 3336 1397 3375; x_wconf 86' lang='lat' dir='ltr'>their</span> <span class='ocrx_word' id='word_1_326' title='bbox 1417 3347 1518 3375; x_wconf 83' lang='lat' dir='ltr'>racc.</span> 
     </span>
    </p>
   </div>
   <div class='ocr_carea' id='block_1_4' title="bbox 333 3409 1975 3456">
    <p class='ocr_par' dir='ltr' id='par_1_4' title="bbox 333 3409 1975 3456">
     <span class='ocr_line' id='line_1_36' title="bbox 333 3409 1975 3456; baseline 0 -1"><span class='ocrx_word' id='word_1_327' title='bbox 333 3421 519 3455; x_wconf 85' lang='lat' dir='ltr'>CAMD.</span> <span class='ocrx_word' id='word_1_328' title='bbox 563 3421 684 3456; x_wconf 83' lang='lat' dir='ltr'>soe.</span> <span class='ocrx_word' id='word_1_329' title='bbox 1879 3409 1908 3455; x_wconf 85' lang='lat'>2</span> <span class='ocrx_word' id='word_1_330' title='bbox 1939 3421 1975 3455; x_wconf 90' lang='lat' dir='ltr'><strong>D</strong></span> 
     </span>
    </p>
   </div>
  </div>
 </body>
</html>
