2638 3860
345 320 448 372 Cap.
469 320 533 371 x.]
960 320 1037 355 na
1079 320 1264 357 Nuo1s
1306 320 1682 358 cURIALmM.
2290 311 2324 359 9

316 453 458 499 artes
485 445 780 511 addiscere,
805 464 933 498 nam
959 453 1015 500 et
1043 446 1171 500 inde
1195 446 1442 501 liberales
1468 447 1737 502 dicuntur.
1814 448 1969 503 Servi
1993 466 2141 514 ver0,
2186 465 2323 518 quos

313 550 571 584 vocamus
597 532 881 597 rusticOS‚³‘<
920 551 1046 585 suos
1073 533 1463 603 ignominiosos
1489 542 1545 587 et
1570 535 1860 605 degeneres
1904 536 1961 588 in
2004 533 2210 586 artibus
2243 533 2322 585 eis

310 617 567 670 indebitis
636 618 872 671 enutrire
939 619 1295 685 contendunt,
1351 637 1466 672 non
1513 627 1577 672 ut
1612 628 1806 673 exeant
1848 641 1879 674 a
1917 619 2082 685 vitiis,
2125 619 2221 672 sed
2260 627 2324 672 ut

311 705 592 758 abundant
635 703 854 769 divitiis,
895 704 988 774 qui
1028 712 1230 774 quanto
1272 704 1415 757 fiunt
1451 705 1733 776 peritiores
1783 714 1936 760 tanto
1976 704 2322 776 perniciores·

312 791 472 843 Artes
499 790 643 844 enim
668 789 830 859 gladii
855 797 984 842 sunt
1025 797 1332 860 potentum,
1373 791 1463 861 qui
1507 809 1607 861 pro
1649 793 1828 846 modis
1869 793 2142 846 utentium
2180 791 2320 845 vari·

311 884 486 928 antur.
560 876 706 928 Nam
745 875 803 926 in
843 893 1008 927 manu
1050 875 1270 945 benigni
1308 876 1567 946 principis
1610 878 1818 948 pacifici
1868 886 2014 944 sunt,
2052 879 2109 931 in
2153 895 2320 930 manu

308 962 526 1032 tyranni
541 960 818 1014 mortiferi.
847 960 1147 1013 Redimunt
1163 979 1291 1014 suos
1307 980 1339 1013 a
1358 962 1591 1015 dominis
1610 964 1766 1028 servi,
1783 963 2049 1034 cupiditas
2065 963 2319 1033 utrinque

305 1049 502 1100 militat
550 1055 605 1100 et
645 1046 832 1109 vincit,
876 1063 1000 1098 cum
1038 1045 1258 1098 libertas
1300 1046 1563 1099 libertatis
1607 1048 1872 1101 addicitur
1912 1048 2077 1100 hosti.
2153 1048 2318 1102 Quod

309 1131 591 1203 singularis
616 1131 705 1184 ille
729 1130 1105 1194 versificator†
1131 1131 1207 1183 ait
1229 1133 1482 1202 praeclare
1507 1133 1877 1199 manifestanS,
1902 1133 2000 1186 ubi
2024 1134 2172 1200 dicit,

740 1235 936 1287 Asperius
956 1236 1062 1276 nihil
1081 1240 1146 1277 est
1163 1237 1325 1286 humili,
1348 1251 1443 1279 cum
1462 1239 1593 1290 surgit
1610 1239 1654 1278 in
1674 1239 1820 1288 altum,

302 1324 359 1371 et
383 1325 592 1384 caetera,
618 1323 674 1371 et
692 1317 865 1388 juxta,

1130 1423 1206 1451 nec
1224 1411 1346 1451 belua
1363 1412 1508 1452 tetrior
1525 1413 1624 1461 ulla,

739 1478 875 1520 Quam
895 1476 1001 1516 servi
1018 1477 1152 1517 rabies
1170 1478 1215 1516 in
1232 1479 1360 1518 libera
1377 1483 1491 1530 terga
1506 1480 1695 1520 furentis.

303 1552 402 1605 Vir
425 1552 514 1605 ille
538 1551 828 1621 praedictus
853 1551 993 1602 hanc
1019 1551 1338 1620 approbavit
1376 1554 1773 1606 sententiolam.
1850 1552 2094 1622 Contigit
2132 1559 2314 1604 autem

303 1656 478 1708 nuper
503 1637 648 1707 quod
673 1636 839 1688 abbas
867 1635 1085 1704 quidam
1112 1655 1169 1690 se
1195 1638 1426 1690 contulit
1456 1657 1523 1690 ex
1558 1639 1664 1691 hiis
1699 1638 1935 1706 justiciis
1965 1656 2138 1690 unum
2179 1636 2313 1701 fieri,

302 1725 582 1794 coegitque
608 1722 875 1775 crudelius
903 1721 1120 1790 spoliari
1155 1742 1419 1793 pauperes
1447 1743 1608 1794 quam
1634 1724 1825 1794 aliquis
1849 1724 2125 1788 laicorum,
2173 1723 2313 1774 forte

302 1827 524 1880 sperans
551 1806 850 1877 episcopari
874 1824 972 1875 per
996 1806 1247 1877 adeptam
1275 1827 1342 1861 ex
1365 1810 1553 1878 praeda
1577 1810 1821 1880 gratiam,
1847 1809 1934 1862 cui
1959 1815 2086 1880 post
2111 1825 2311 1878 paucos

302 1897 416 1949 dies
444 1894 667 1948 obvians
694 1893 847 1957 ultio,
875 1892 1064 1945 dentes
1090 1894 1338 1964 proprios
1364 1895 1421 1946 in
1457 1913 1514 1948 se
1557 1895 1685 1948 fecit
1721 1895 2014 1947 immittere
2057 1892 2312 1946 corrosis-

300 1999 404 2051 que
453 1979 627 2050 perire
675 1978 943 2030 manibus.
1020 1977 1128 2030 Sed
1176 1976 1289 2030 vidi
1326 1977 1565 2030 cornices
1615 1979 1921 2048 appendere
1972 1976 2111 2042 datis
2154 1983 2310 2028 terrae

304 2066 620 2130 seminibUS‚
647 2064 901 2133 quatinus
940 2064 1056 2116 aliae
1081 2063 1329 2116 videntes
1356 2080 1622 2131 appensas
1666 2064 1894 2115 timeant
1933 2070 1989 2115 et
2029 2061 2205 2114 vitent
2246 2067 2311 2112 ut

299 2153 406 2205 illae
444 2150 576 2216 fieri,
611 2149 911 2218 vitantque.
985 2149 1376 2201 Verumtamen.
1414 2166 1549 2217 quos
1587 2149 1894 2214 Dominusss
1936 2146 2126 2199 mundi
2166 2145 2307 2197 filios

297 2244 473 2302 vocat,
490 2243 545 2288 et
568 2235 944 2304 prudentiores
966 2234 1089 2286 filiis
1108 2234 1244 2287 lucis
1271 2233 1479 2298 asserit,
1497 2233 1860 2285 determinans
1880 2231 1938 2282 in
1962 2229 2306 2300 generatione

300 2342 414 2389 sua,
441 2342 553 2375 non
578 2327 847 2374 terrentur
871 2338 971 2372 nec
998 2326 1256 2372 metuunt·
1273 2326 1338 2371 ut
1362 2318 1527 2370 abbas
1553 2317 1686 2382 fieri,
1732 2335 1855 2369 cum
1894 2316 2000 2385 ipsi
2031 2315 2089 2365 in
2133 2313 2302 2365 oculis

293 2405 529 2459 habeant
555 2404 686 2457 alios
713 2423 874 2474 quam
913 2406 1050 2457 duos
1094 2411 1370 2474 magnates
1416 2421 1550 2472 quos
1593 2403 1738 2454 idem
1789 2400 2042 2453 circuitus
2086 2397 2301 2467 paralisi

296 2509 584 2560 percussos
609 2489 664 2541 in
691 2489 925 2559 grabatis
950 2489 1181 2559 graviter
1206 2494 1443 2542 enervat.

343 2645 369 2670 ²*
397 2642 515 2691 This,
535 2643 635 2682 with
657 2644 766 2683 what
784 2644 956 2692 follows,
979 2643 1015 2683 is
1044 2656 1069 2683 a
1098 2644 1264 2683 curious
1321 2641 1383 2680 M.
1409 2641 1574 2687 Guizot,
1597 2639 1783 2679 Histoire
1803 2639 1853 2678 de
1878 2639 1919 2677 la
1950 2637 2211 2677 Civilization
2243 2649 2295 2676 en

289 2711 541 2751 illustration
569 2711 616 2749 of
644 2711 714 2750 the
745 2711 957 2750 condition
987 2711 1033 2751 of
1066 2712 1135 2751 the
1164 2724 1261 2763 pea-
1320 2709 1491 2755 France,
1514 2712 1616 2748 tom.
1638 2709 1694 2747 iv.
1726 2708 1846 2758 lecon
1871 2706 1985 2752 viii.;
2016 2706 2096 2744 and
2129 2705 2199 2743 the
2219 2704 2292 2743 In-

290 2783 419 2826 sants,
441 2791 488 2818 or
517 2778 679 2825 villans,
711 2779 756 2816 in
791 2778 983 2829 England
1014 2779 1162 2830 during
1189 2779 1261 2818 the

288 2847 449 2887 twelfth
485 2850 671 2897 century.
729 2846 878 2897 Mapes
913 2847 1054 2887 shares
1099 2848 1144 2886 in
1189 2847 1262 2886 the

288 2914 495 2967 prejudice
515 2914 562 2952 of
594 2914 665 2953 the
702 2914 840 2953 feudal
877 2927 950 2965 age
980 2914 1141 2965 against
1176 2915 1260 2954 this

290 2981 512 3034 oppressed
531 2981 635 3020 class
655 2981 702 3019 of
717 2982 886 3033 society.
946 2982 1014 3021 On
1026 2983 1096 3021 the
1114 2982 1259 3020 villans

288 3052 333 3090 in
353 3049 559 3100 England,
581 3060 648 3087 see
667 3061 737 3099 my
754 3061 882 3099 paper
900 3061 954 3088 on
973 3049 1043 3088 the
1074 3049 1260 3100 political

289 3117 503 3157 condition
521 3115 569 3155 of
583 3116 653 3155 the
673 3115 846 3165 English
863 3120 1082 3167 peasantry
1112 3117 1260 3166 during

287 3186 359 3225 the
378 3185 530 3223 middle
549 3196 658 3234 ageS,
680 3183 723 3221 in
743 3183 814 3222 the
843 3183 1140 3234 Archaeologia,
1174 3184 1257 3223 vol.

287 3266 382 3292 xxx,
403 3266 474 3304 pp.
498 3252 729 3291 205—244.
790 3251 858 3290 On
878 3252 948 3290 the
977 3252 1187 3291 condition
1217 3251 1265 3289 of

285 3321 356 3360 the
376 3320 638 3371 agricultural
657 3320 898 3371 population
928 3320 970 3359 in
1002 3320 1157 3359 France
1193 3331 1259 3359 see

361 3418 549 3453 cAMD.
579 3417 701 3452 SOC.

1319 2777 1554 2817 troduction
1573 2780 1616 2814 to
1637 2776 1707 2815 the
1728 2775 1969 2824 Chartulary
2003 2772 2050 2812 of
2081 2772 2138 2811 St.
2173 2772 2294 2811 Peter

1316 2845 1363 2884 of
1379 2845 1588 2892 Chartres,
1609 2844 1664 2895 by
1683 2843 1747 2882 Μ.
1770 2840 1971 2882 Guerard.
2020 2841 2107 2879 The
2118 2852 2289 2891 passage

1316 2914 1363 2953 of
1376 2914 1534 2952 Walter
1553 2912 1701 2963 Mapes
1722 2911 1854 2950 shows
1874 2910 1964 2948 that
1976 2909 2045 2948 the
2061 2912 2166 2946 term
2180 2907 2288 2946 servi

1313 2993 1395 3019 was
1417 2991 1693 3031 synonymous
1714 2979 1810 3017 with
1828 2978 1988 3016 villani.

1367 3049 1393 3098 †
1425 3047 1638 3086 Claudian.
1660 3046 1704 3084 in
1724 3045 1899 3095 Eutrop.
1921 3044 1950 3083 i.
1975 3045 2066 3091 181,
2091 3045 2185 3082 183.

1370 3114 1393 3162 ss
1425 3115 1527 3153 Luc.
1555 3114 1609 3151 vi.
1634 3116 1673 3151 8.
1733 3115 1762 3134 ‘⁴
1782 3112 1837 3150 Et
1869 3111 2050 3150 laudavit
2081 3110 2286 3150 Dominus

1313 3182 1494 3222 villicum
1538 3180 1783 3231 iniquitatis,
1831 3179 1928 3230 quia
1973 3178 2197 3230 prudenter
2228 3179 2287 3217 fe-

1314 3250 1438 3288 cisset
1455 3264 1464 3287 2
1497 3248 1592 3299 quia
1611 3247 1685 3285 filii
1704 3246 1826 3296 hujus
1843 3246 1983 3285 saeculi
1998 3246 2285 3296 prudentiores

1315 3317 1408 3356 filiis
1426 3316 1529 3356 lucis
1548 3316 1591 3354 in
1610 3314 1871 3366 generatione
1891 3327 1965 3354 sua
1984 3316 2128 3354 sunt.''

2036 3409 2066 3443 C
