2638 3860
400 308 504 362 Cap.
525 308 736 362 vii.—ix.]
999 311 1077 346 DE
1107 310 1293 348 Nuols
1323 311 1699 348 CURIALIUM.
2308 297 2373 360 75

358 434 449 498 tia,
484 434 901 506 absolutumque
943 438 1243 508 suspiciens
1285 438 1533 492 ducebat.
1611 437 1970 492 cantantibus
2011 443 2193 490 autem
2234 436 2370 502 aliis,

357 520 523 574 flebat
549 523 757 575 occulte
798 524 993 577 Lucas,
1070 525 1174 577 Cui
1214 544 1325 592 reX,
1353 526 1540 580 “Quid
1580 534 1681 592 est,
1706 526 1988 578 karissime
2025 532 2197 595 pater,
2225 524 2372 594 quod

356 606 498 660 inter
540 616 625 661 tot
656 610 849 680 gaudia
873 611 1001 663 flere
1042 611 1264 665 libet?’'
1339 613 1481 665 Tum
1507 613 1704 679 LucaS,
1745 615 1781 643 ‘⁶
1812 613 2065 666 Gaudere
2090 630 2202 665 non
2244 629 2373 681 pos-

359 713 499 759 sum,
524 715 651 748 nam
678 716 820 750 anno
846 698 1093 751 revoluto
1119 699 1388 752 consimili
1426 699 1511 752 die
1538 718 1662 753 cum
1689 699 1934 753 omnium
1959 707 2214 753 nostrum
2240 716 2371 751 con-

352 780 565 835 fusione
605 790 661 836 et
690 784 768 837 ira
806 785 911 837 hoc
951 785 1143 838 eodem
1167 786 1287 840 loco
1315 786 1621 857 suscipieris
1661 787 1964 840 mortuUS.'’
2041 786 2119 838 Et
2142 786 2219 839 ita
2243 802 2373 838 con-

351 866 528 937 tigit.*

742 1045 834 1097 De
857 1046 1146 1098 indiscreta
1172 1047 1437 1098 devotione
1469 1044 1796 1098 Walensium.
1873 1045 1984 1098 viii.

429 1173 497 1225 In
528 1173 677 1226 omni
700 1181 879 1244 gente,
913 1182 975 1226 ut
999 1174 1129 1226 alias
1156 1165 1368 1240 dicitur,
1395 1174 1487 1244 qui
1513 1175 1671 1228 timet
1697 1176 1879 1229 Deum
1911 1182 2164 1246 acceptus
2191 1180 2275 1227 est
2300 1173 2367 1226 ei.

353 1257 527 1311 Rarus
567 1259 624 1311 in
658 1260 1007 1313 Walensibus
1045 1261 1247 1312 nostris
1282 1268 1366 1314 est
1403 1262 1567 1314 timor
1592 1262 1819 1315 Domini
1859 1262 2159 1315 secundum
2195 1259 2367 1312 scien-

350 1342 500 1397 tiam.
577 1346 719 1399 Cum
746 1348 967 1400 domino
1008 1347 1285 1400 Willelmo
1320 1348 1387 1400 de
1427 1347 1746 1417 B[r]eusa,†
1772 1349 1887 1403 viro
1924 1348 2087 1402 armis
2115 1346 2368 1400 eruditis-

352 1430 507 1495 simo,
548 1433 666 1495 fuit,
708 1442 771 1486 ut
794 1435 912 1504 ipse
952 1434 1086 1485 mihi
1125 1433 1324 1495 retulit,
1362 1434 1636 1487 Walensis
1663 1436 1900 1505 quidam,
1927 1453 2122 1506 genere
2146 1432 2365 1496 nobilis,

346 1517 617 1585 probitate
644 1521 950 1585 acerrimus,
990 1520 1081 1590 qui
1106 1520 1355 1572 noctibus
1384 1521 1605 1591 singulis
1643 1522 1818 1591 primo
1853 1522 2143 1593 gallicantu
2168 1540 2199 1572 a
2222 1520 2363 1572 lecto

350 1604 602 1674 surgebat
621 1607 906 1677 nudusque
933 1607 1001 1659 ad
1017 1615 1214 1658 terram
1233 1607 1436 1658 nudam
1455 1626 1598 1677 genu
1623 1608 1764 1661 flexo
1792 1608 2094 1661 excubabat
2108 1607 2165 1659 in
2184 1607 2363 1658 lucem

348 1707 526 1756 orans,
552 1692 830 1746 abstinens
857 1692 1020 1746 etiam
1047 1693 1300 1745 decenter
1338 1699 1468 1759 erat,
1496 1701 1552 1746 et
1576 1701 1688 1746 tam
1713 1695 2029 1748 arctissimae
2056 1693 2194 1747 circa
2221 1691 2364 1757 seip-

348 1794 470 1829 sum
519 1779 796 1844 custodiae,
847 1787 910 1831 ut
959 1779 1005 1831 si
1048 1797 1398 1848 cognosceres
1447 1798 1573 1832 eum
1623 1799 1785 1850 supra
1831 1781 2112 1833 hominem
2161 1776 2362 1847 angelis

344 1871 564 1934 putares
597 1865 925 1935 proximum.
1003 1865 1061 1918 Si
1085 1883 1212 1918 vero
1247 1865 1457 1918 videres
1483 1885 1644 1936 quam
1684 1866 1981 1920 infrunitus
2020 1866 2078 1918 in
2105 1881 2358 1933 congres-

344 1950 512 2016 sibus,
558 1970 718 2021 quam
758 1952 927 2004 facilis
968 1951 1036 2004 ad
1078 1952 1413 2022 sanguinem,
1461 1971 1623 2022 quam
1678 1971 1789 2006 suae
1832 1952 2021 2005 salutis
2065 1950 2358 2020 negligens,

344 2056 505 2108 quam
531 2039 716 2091 alienae
742 2038 930 2091 mortis
958 2038 1167 2103 avidUS,
1205 2058 1367 2109 quam
1403 2038 1563 2093 laetus
1607 2040 1805 2093 scelere
1844 2040 2023 2109 aliquo
2061 2037 2150 2091 vel
2181 2035 2359 2088 homi-

343 2124 482 2177 cidio
521 2132 848 2195 perpetrato,
881 2143 994 2177 non
1032 2124 1306 2178 dubitares
1341 2144 1467 2178 eum
1510 2126 1730 2196 penitus
1777 2125 2050 2196 iniquitati
2096 2122 2357 2186 deditum,

343 2211 478 2264 adeo
509 2211 734 2264 firmiter
771 2218 827 2264 et
863 2218 1120 2281 tanquam
1158 2212 1472 2265 naturaliter
1507 2212 1652 2265 inest
1689 2212 1766 2265 eis
1804 2210 2155 2265 Walensibus
2194 2207 2359 2260 hebe-

340 2299 475 2351 tudo
501 2296 949 2362 mansuetudiniS,
982 2304 1045 2349 ut
1070 2297 1116 2348 si
1154 2297 1212 2349 in
1253 2297 1432 2367 aliquo
1470 2298 1757 2351 videantur
1793 2297 2046 2362 modesti,
2086 2295 2145 2347 in
2170 2292 2354 2346 multis

343 2392 637 2455 appareant
662 2383 851 2437 discoli
875 2390 930 2436 et
956 2383 1246 2436 silvestres·

851 2587 926 2638 De
955 2584 1133 2654 Helya
1158 2586 1370 2638 eremita
1400 2583 1730 2638 Walensium.
1806 2583 1879 2637 ix.

414 2718 543 2771 Vidi
572 2716 804 2787 Helyam
830 2714 1110 2769 eremitam
1134 2714 1468 2780 Walensem,
1495 2713 1766 2784 praeclarae
1791 2711 1919 2764 fidei
1959 2718 2015 2763 et
2057 2709 2184 2763 vitae
2227 2728 2353 2780 pro-

345 2806 536 2860 babilis
579 2803 874 2856 hominem.
952 2802 1147 2855 Secum
1197 2800 1285 2854 hic
1325 2801 1544 2853 fratrem
1603 2818 1764 2852 suum
1814 2797 2140 2851 Walenfrett
2188 2796 2352 2850 habe-

398 3018 424 3044 *
452 3017 612 3056 Walter
632 3015 780 3066 Mapes
809 3027 979 3066 appears
1008 3017 1052 3053 to
1081 3014 1184 3053 have
1210 3014 1316 3053 been
1373 3013 1517 3064 Henry
1537 3012 1598 3060 ΙῙ,
1622 3011 1803 3051 Richard
1823 3010 1861 3058 I,
1887 3010 1969 3049 and
1987 3009 2115 3049 John.
2174 3009 2242 3048 He
2265 3008 2348 3048 had

344 3085 590 3135 incorrectly
621 3083 827 3122 informed
856 3095 899 3121 as
933 3086 976 3121 to
1006 3083 1078 3121 the
1114 3082 1238 3121 death
1274 3081 1322 3120 of
1370 3094 1466 3132 very
1498 3081 1608 3130 large
1639 3079 1893 3130 possessions
1927 3078 1970 3116 in
2003 3077 2168 3116 Ireland
2203 3077 2285 3116 and
2303 3077 2349 3116 in

345 3156 447 3195 Bela
469 3154 556 3193 III.
587 3152 679 3191 who
709 3164 789 3190 was
819 3151 922 3189 alive
949 3151 1067 3190 when
1095 3149 1177 3188 this
1205 3147 1315 3188 book
1369 3149 1522 3187 Wales.
1583 3147 1649 3186 He
1669 3159 1750 3186 was
1768 3146 1970 3185 banished
1989 3146 2043 3197 by
2071 3146 2186 3196 King
2213 3145 2345 3193 John,

344 3236 426 3262 was
445 3223 622 3261 written.
1370 3217 1450 3255 and
1468 3217 1504 3254 is
1524 3215 1611 3254 said
1639 3220 1682 3254 to
1711 3215 1814 3253 have
1837 3215 1930 3253 died
1959 3214 2003 3253 in
2032 3214 2162 3254 Paris.
2222 3213 2299 3252 See
2324 3226 2348 3251 a

398 3292 426 3339 †
453 3290 554 3330 This
587 3287 772 3327 William
806 3286 856 3326 de
889 3286 1042 3325 Braose
1075 3299 1155 3325 was
1176 3298 1200 3324 a
1220 3298 1316 3324 man
1370 3285 1581 3324 character
1600 3284 1647 3323 of
1673 3284 1758 3322 him
1788 3284 1832 3322 in
1853 3283 2046 3323 Giraldus
2067 3282 2344 3330 Cambrensis‚

347 3357 393 3398 of
422 3361 535 3410 great
572 3356 768 3408 celebrity
807 3354 956 3406 during
992 3354 1063 3394 the
1100 3354 1236 3405 reigns
1273 3353 1321 3393 of
1372 3353 1562 3393 Itinerar.
1586 3352 1803 3402 cambriae,
1825 3352 1899 3392 lib.
1919 3352 1949 3391 i.
1971 3364 2007 3391 c.
2030 3353 2070 3391 2.
