2638 3860
306 316 407 368 Cap.
429 317 504 369 vi.]
925 314 999 351 DE
1042 316 1224 352 NUG1s
1266 316 1641 355 CURIALIUM.
2194 305 2290 354 165

280 475 464 526 preces
490 468 544 510 et
569 458 747 510 luctus
774 457 962 527 populi
1000 476 1111 510 non
1137 458 1446 527 proficiunt,
1473 478 1583 512 non
1622 467 1847 511 movent
1872 477 1997 511 eum
2023 477 2124 512 nec
2151 459 2296 511 solli-

283 542 466 594 citant.
544 542 743 594 Solitas
769 542 935 595 habet
960 542 1015 594 in
1042 543 1302 595 memoria
1326 544 1578 608 fallaciaS,
1603 545 1771 596 instat
1807 544 1896 596 ille
1937 551 2116 596 totum
2142 563 2296 597 eruc-

283 635 403 678 tans
430 627 496 679 ab
526 628 637 679 imo
682 628 848 692 viruS,
890 628 1141 699 quodque
1187 630 1430 682 clausum
1476 648 1690 700 semper
1714 638 1962 682 tenuerat
2004 630 2295 700 proditoris

284 715 438 784 Olgae
478 715 781 767 dominium
808 722 863 766 et
914 723 1121 767 secreta
1157 717 1395 785 pessima
1434 718 1666 770 revelare
1704 736 1817 769 non
1849 725 2040 769 cessat.
2118 718 2296 771 Instat

286 801 494 854 absolvi
536 801 702 853 semel
739 808 794 853 et
835 801 948 852 dari
975 800 1078 851 sibi
1104 800 1502 870 poenitentiam,
1542 802 1880 871 spondetque
1919 810 2102 855 tenere
2129 821 2298 872 quan-

286 895 617 956 tumcunque
640 886 871 939 difficilis
889 894 983 938 aut
1002 886 1136 937 dura
1154 887 1334 939 fuerit.
1400 888 1524 939 Hoc
1545 888 1831 957 episcopus
1850 906 1974 940 cum
1984 888 2296 957 juramento

286 981 477 1043 negat3
516 973 607 1024 ille
640 991 767 1025 vera
804 972 1130 1024 contritione
1168 973 1449 1042 multoque
1486 974 1668 1043 rugitu
1699 974 2071 1044 lachrymosus
2091 976 2296 1028 asserit.

287 1059 464 1128 Negat
491 1059 778 1128 episcopus
805 1066 861 1110 et
884 1066 1161 1127 pernegat,
1196 1066 1252 1110 et
1294 1066 1444 1110 totus
1486 1059 1543 1111 in
1589 1060 2011 1112 contradictione
2037 1061 2296 1130 persistit.

287 1144 385 1196 Ille
411 1163 538 1197 vero
565 1152 677 1195 tam
694 1161 821 1195 vero
843 1143 1003 1195 corde
1029 1151 1139 1195 tam
1158 1143 1301 1196 veris
1327 1144 1615 1214 lachrymis
1631 1144 1816 1209 instat,
1832 1152 1895 1196 ut
1914 1146 2029 1214 jam
2056 1131 2298 1199 obtineat

285 1229 352 1280 ab
379 1229 632 1281 omnibus
658 1229 891 1281 inimicis
917 1229 1029 1281 suis
1056 1229 1290 1294 veniam,
1311 1238 1366 1282 et
1391 1247 1488 1299 per
1509 1248 1566 1283 se
1585 1231 1806 1283 veniant
1830 1231 2296 1302 interveniantque

284 1315 445 1367 fletus
470 1315 686 1367 illorum
713 1315 1012 1377 oculorum,
1051 1333 1188 1384 quos
1216 1323 1405 1367 contra
1431 1333 1487 1367 se
1526 1324 1772 1385 coegerat
1807 1317 2116 1386 frequenter
2142 1319 2298 1371 emit-

285 1410 397 1453 tere
423 1402 724 1471 lachrymas
752 1402 819 1453 ad
846 1401 1168 1453 Dominum.
1232 1402 1269 1454 J
1272 1420 1358 1452 am
1386 1401 1613 1454 extorsit
1638 1401 1705 1453 ab
1732 1402 1963 1455 inimicis
1990 1404 2299 1469 amicitiam,

287 1496 481 1539 terram
510 1487 760 1555 placavit,
788 1487 982 1538 coelum
1011 1486 1240 1556 aperuit,
1261 1486 1532 1556 justitiam
1570 1487 1678 1539 Dei
1717 1487 1886 1552 flexit,
1926 1499 1980 1540 et
2024 1507 2055 1540 a
2094 1489 2300 1542 miseri-

287 1574 467 1626 cordia
517 1573 785 1625 confessio
834 1572 1017 1624 miseri
1059 1572 1371 1642 suscipitur.
1467 1573 1577 1625 Cor
1616 1582 1797 1626 autem
1849 1575 2093 1645 episcopi
2141 1576 2300 1646 longe

287 1660 489 1711 factum
530 1667 615 1712 est
655 1658 721 1710 ab
765 1677 864 1721 eo;
919 1658 1071 1709 Deus
1113 1658 1349 1722 exaudit,
1394 1658 1527 1709 iram
1569 1666 1840 1728 temporat
1873 1668 1928 1712 et
1970 1660 2300 1714 humiliatur.

291 1746 477 1798 Homo
504 1745 806 1798 contemnit
843 1753 898 1796 et
933 1743 1210 1814 superbire
1242 1744 1475 1805 videtur,
1510 1752 1565 1797 et
1602 1746 1669 1796 ad
1706 1745 2075 1815 importunam
2100 1747 2298 1817 princi-

290 1849 422 1900 pum
448 1839 503 1883 et
545 1830 719 1900 plebis
756 1830 1069 1882 instantiam
1111 1848 1167 1882 se
1205 1830 1500 1899 respondet
1539 1848 1787 1882 securum
1827 1831 1973 1900 quod
2011 1833 2172 1886 Eudo
2198 1852 2299 1886 nec

291 1923 418 1968 vota
442 1934 543 1968 nec
568 1914 835 1984 promissa
853 1913 1078 1978 tenebit,
1106 1922 1161 1966 et
1186 1932 1296 1965 non
1329 1931 1447 1965 esse
1482 1913 1843 1966 miserandum
1874 1915 2300 1970 obstinatissimo

291 2009 542 2071 tyranno,
617 2002 758 2052 Tum
786 2000 875 2052 ille
913 2008 1030 2051 tota
1063 1999 1230 2069 priori
1255 1999 1368 2051 vita
1397 2018 1493 2051 sua
1518 2000 1698 2063 miser,
1724 2008 1780 2052 et
1805 2019 1950 2052 nunc
1988 2002 2163 2070 primo
2190 2021 2302 2055 cer-

291 2087 499 2138 tissime
540 2086 878 2150 miserabiliS,
919 2105 950 2137 a
999 2085 1231 2155 pedibus
1275 2086 1716 2139 immisericordis
1761 2087 2003 2156 exsurgit
2043 2090 2303 2159 episcopi,

293 2173 385 2242 qui
436 2173 683 2224 nondum
729 2172 1033 2241 septuagies
1085 2171 1284 2241 septies
1324 2172 1658 2241 impleverat,
1709 2179 1764 2224 et
1820 2173 1912 2241 qui
1962 2191 2069 2242 quo
2113 2175 2302 2243 majori

291 2266 611 2310 cunctorum
650 2266 901 2309 exoratur
935 2256 1183 2326 angustia
1225 2263 1379 2308 tanto
1425 2256 1635 2307 saeviori
1677 2257 1946 2308 crudescit
1996 2258 2301 2312 obstinatia.

292 2345 433 2395 Tum
455 2344 544 2395 ille
563 2342 729 2394 tantis
749 2341 1019 2392 inundans
1041 2340 1275 2405 fletibus,
1293 2349 1404 2392 tam
1427 2341 1691 2393 dolorosis
1709 2342 1972 2411 irrugiens
1991 2343 2301 2412 gemitibuS,

291 2437 355 2481 ut
407 2446 568 2481 nemo
628 2426 1091 2480 circumstantium
1132 2434 1328 2495 praeter
1377 2425 1691 2495 episcopum
1737 2435 1923 2496 posset
1973 2429 2148 2480 cordis
2207 2439 2302 2482 aut

294 2515 573 2567 oculorum
599 2513 899 2583 lachrymas
917 2512 1208 2574 continere,
1227 2511 1531 2572 subintulit,
1548 2515 1583 2541 “
1605 2513 1672 2564 In
1692 2513 1809 2565 illas
1831 2532 2023 2566 manus
2051 2514 2302 2568 Sathanae

295 2609 490 2653 tractat
526 2600 761 2652 animam
813 2618 987 2651 meam
1038 2599 1329 2662 DominUS,
1368 2598 1425 2649 in
1465 2616 1595 2667 quas
1646 2618 1733 2651 me
1780 2601 2040 2652 confiteor
2090 2601 2303 2655 dedisse

295 2705 511 2756 coerS,
537 2695 599 2738 ut
624 2686 771 2737 nulla
795 2685 971 2754 possit
999 2702 1232 2753 unquam
1259 2683 1602 2736 miseratione
1627 2685 1835 2749 redimi,
1863 2686 1909 2737 si
1934 2705 2045 2738 non
2073 2687 2302 2740 devotus

298 2773 596 2841 implevero
623 2771 879 2841 quicquid
917 2770 1173 2822 inflixeris
1213 2770 1279 2821 ad
1330 2769 1701 2839 poenitentiam
1725 2770 1777 2821 !''
1855 2771 2106 2824 Pontifex
2142 2772 2306 2842 igitur

294 2856 482 2920 iratus,
507 2857 834 2920 incredulus,
874 2863 928 2907 et
963 2855 1267 2917 induratus,
1302 2854 1454 2922 quasi
1492 2861 1708 2906 tentans
1747 2862 1802 2907 et
1838 2855 2084 2919 irridens,
2123 2857 2304 2908 stultis

298 2942 655 3012 praecipitavit
700 2941 1024 2993 sententiam
1067 2940 1242 3004 labiis,
1287 2940 1491 3004 dicenS,
1517 2943 1552 2969 “
1576 2940 1770 3010 Infligo
1808 2941 1908 2993 tibi
1945 2959 2044 3010 pro
2070 2944 2303 3011 peccatis

298 3035 361 3078 ut
378 3027 525 3079 hunc
551 3045 742 3095 rogum
762 3026 1023 3077 insilias.”
1074 3025 1149 3076 At
1172 3025 1280 3088 ille,
1308 3025 1462 3094 quasi
1481 3025 1592 3076 vita
1611 3043 1732 3077 cum
1754 3035 2025 3096 praecepto
2055 3037 2305 3098 suscepta

302 3131 358 3165 se
383 3113 544 3164 laetus
571 3111 772 3175 intulit,
799 3119 911 3163 tam
937 3111 1098 3174 ultr0,
1126 3118 1236 3161 tam
1265 3110 1389 3171 cito,
1430 3118 1542 3162 tam
1579 3111 1636 3163 in
1673 3111 1864 3163 intima
1887 3113 2020 3182 rogi,
2046 3121 2108 3164 ut
2142 3132 2304 3167 nemo

301 3198 453 3267 sequi
480 3205 667 3267 posset
704 3197 772 3248 ad
810 3196 1222 3260 extrahendum,
1249 3196 1422 3248 donec
1460 3203 1609 3248 totus
1648 3207 2056 3251 consumeretur
2079 3200 2135 3250 in
2163 3201 2306 3252 cine·

302 3302 431 3336 rem.
510 3285 707 3336 Lector
733 3290 787 3335 et
813 3281 1026 3334 auditor
1066 3281 1346 3350 disputent
1385 3281 1429 3332 si
1469 3281 1620 3334 miles
1661 3291 1866 3335 rectum
1904 3284 2094 3336 habuit
2131 3286 2304 3339 zelum
