2638 3860
364 443 463 489 102
1074 445 1386 483 GUAL'rnm
1426 443 1627 481 MAPES
1675 430 1679 433 ’
2023 444 2222 496 [Distinc.
2245 445 2309 484 ΙΙ.

357 576 533 630 timidi
556 571 912 645 praedicantur
935 578 1196 624 vestrates
1223 590 1253 623 a
1277 569 1476 623 nostris
1502 576 1557 623 et
1580 576 1692 621 tam
1718 568 1874 622 tardi.
1960 569 2155 622 Mallet
2179 569 2341 622 etiam

357 663 475 732 quis
500 667 799 714 nostratum
825 676 983 710 causa
1007 657 1179 708 laudis
1206 656 1262 707 in
1286 655 1633 725 improbitate
1649 654 1779 706 furti
1806 654 1969 706 stulte
1994 666 2244 723 proterva
2259 655 2343 706 in-

355 754 622 815 terceptus
649 743 933 795 acerbitate
958 741 1124 794 vitam
1145 741 1377 805 dedisse,
1404 759 1565 809 quam
1592 738 1742 807 segni
1762 738 2060 807 elanguisse
2079 757 2176 808 per
2191 758 2342 791 men-

354 849 468 883 sem
504 829 694 881 inertia
732 828 869 880 circa
904 826 1353 896 pretiosissimum
1396 827 1637 889 furtum3
1682 831 1738 876 et
1777 841 1900 876 ecce
1934 842 2094 892 quam
2132 823 2340 893 abjecte

349 915 571 984 ignavus
597 932 671 978 eS,
698 912 789 982 qui
814 931 925 964 non
951 911 1222 964 erubescis
1247 918 1459 963 tantum
1475 910 1630 962 fateri
1655 909 2026 979 opprobrium.
2099 908 2342 961 Enuolea

348 999 480 1050 mihi
505 998 623 1067 quis
647 999 786 1050 hanc
811 1016 1002 1068 equam
1040 997 1253 1062 habeat,
1297 996 1392 1049 ubi
1418 1004 1472 1048 et
1497 995 1769 1065 quomodo
1797 994 2146 1058 custodiatur,
2172 1001 2228 1045 et
2253 1011 2339 1046 me

348 1084 433 1136 hic
459 1102 580 1136 cum
605 1101 771 1136 uxore
810 1102 930 1136 mea
968 1090 1023 1135 et
1059 1082 1241 1135 liberis
1282 1081 1590 1151 expectabis
1633 1080 1690 1132 in
1732 1080 1875 1132 diem
1914 1078 2134 1131 tertium
2160 1097 2191 1130 a
2216 1096 2338 1131 meo

346 1169 471 1220 illuc
511 1168 763 1232 adventU,
806 1175 870 1219 ut
909 1186 997 1219 me
1041 1167 1226 1218 audias
1269 1166 1499 1235 gloriose
1538 1173 1814 1218 mortuum
1856 1164 1943 1217 vel
1983 1182 2106 1216 cum
2156 1163 2339 1233 praeda

345 1253 655 1305 mirabiliter
678 1253 1007 1305 reversum.”
1079 1253 1221 1304 Tum
1246 1252 1352 1316 ille,
1393 1255 1427 1281 ‘⁶
1453 1252 1659 1303 Multas
1698 1250 2000 1302 audivimus
2040 1256 2337 1303 vestratum

345 1338 570 1390 audaces
591 1337 892 1407 jactantiaS,
916 1345 979 1389 ut
1002 1337 1242 1407 plantam
1269 1336 1467 1388 miricae
1493 1336 1561 1387 ad
1587 1353 1806 1404 scopam
1832 1333 2044 1386 reverti.
2110 1334 2338 1385 Cadola-

344 1442 465 1488 nus,
492 1442 651 1492 quem
678 1423 806 1475 satis
849 1422 1011 1486 nosti,
1052 1422 1195 1474 filius
1234 1422 1427 1486 Uther,
1465 1439 1584 1473 eam
1621 1419 1785 1472 habet
1826 1419 1883 1471 in
1914 1418 2211 1488 Gesligair3
2251 1419 2337 1471 die

342 1509 515 1577 pascit
552 1508 609 1559 in
645 1508 822 1561 medio
860 1507 1142 1572 exercitus,
1179 1515 1339 1560 nocte
1379 1514 1485 1558 stat
1521 1507 1578 1557 in
1623 1506 1818 1575 angulo
1852 1505 2094 1557 ulteriori
2139 1505 2333 1557 domus

344 1611 473 1657 suae,
530 1599 593 1644 ut
640 1593 815 1660 jaceat
862 1598 979 1644 tota
1025 1591 1225 1643 familia
1272 1591 1413 1643 inter
1460 1590 1636 1660 ipsam
1686 1598 1741 1643 et
1787 1590 2029 1643 hostium
2076 1590 2334 1642 unicum:

343 1684 572 1747 quatuor
610 1684 790 1729 autem
831 1695 895 1728 ex
942 1677 1160 1745 optimis
1207 1676 1373 1729 servis
1417 1684 1479 1728 ut
1522 1695 1638 1728 eam
1680 1683 1823 1728 arcte
1864 1675 2171 1728 custodiant
2194 1676 2335 1727 inter

339 1762 512 1831 ipsam
538 1769 594 1814 et
616 1762 794 1831 ignem
816 1779 977 1830 super
1000 1761 1348 1826 brachanum,
1374 1762 1431 1813 id
1457 1769 1541 1813 est
1565 1769 1810 1831 tapetum
1845 1762 2146 1831 optimum3
2187 1761 2334 1831 quod

341 1846 386 1897 si
411 1847 543 1898 mihi
569 1865 729 1916 super
753 1865 944 1916 equam
983 1846 1245 1911 retuleriS,
1289 1846 1473 1898 decem
1516 1864 1691 1898 vaccae
1732 1846 1966 1914 pretium
1997 1854 2156 1898 erunt
2180 1865 2332 1916 equae

340 1938 396 1983 et
435 1930 666 1999 quinque
707 1930 1013 1982 brachani.''
1107 1930 1207 1981 Ille
1250 1930 1462 1982 frenum
1507 1930 1692 1998 arripit
1735 1938 1789 1982 et
1831 1930 2068 1994 calcaria,
2112 1939 2168 1983 et
2207 1950 2331 1983 cum

338 2032 498 2066 nemo
523 2015 609 2064 fur
632 2015 960 2083 interceptus
985 2013 1043 2064 in
1067 2013 1265 2065 Wallia
1290 2013 1409 2082 capi
1449 2013 1618 2065 soleat
1654 2020 1747 2064 aut
1779 2013 1987 2078 redimi,
2027 2015 2122 2067 sed
2148 2016 2330 2067 statim

339 2099 511 2167 capite
553 2099 748 2168 puniri,
792 2098 944 2167 quasi
985 2116 1202 2150 securus
1229 2099 1294 2150 de
1320 2116 1490 2167 prope
1528 2098 1688 2150 struit
1711 2098 1952 2163 insidiaS,
1979 2107 2034 2152 et
2059 2118 2116 2152 se
2143 2100 2218 2152 sic
2243 2119 2329 2154 res

337 2183 532 2236 habere
575 2191 637 2235 ut
676 2184 914 2236 audierat
952 2184 1198 2235 advertit.
1275 2183 1452 2235 Prima
1494 2192 1653 2235 nocte
1693 2184 1876 2236 domui
1919 2185 2128 2237 vicinus
2172 2193 2330 2252 astat,

337 2268 524 2320 erectis
551 2269 784 2332 auribUS,
825 2277 879 2320 et
916 2269 1071 2320 oculo
1096 2268 1349 2321 insomni.
1423 2270 1557 2321 Erat
1594 2277 1775 2321 autem
1817 2287 1927 2322 nox
1970 2288 2068 2322 suo
2113 2289 2332 2340 compe-

336 2360 455 2405 tens
515 2354 663 2422 operi
720 2353 833 2406 sine
876 2354 1060 2418 stellis,
1111 2353 1422 2405 furnissima
1475 2362 1666 2406 nactus
1723 2355 1855 2406 hora
1889 2355 2045 2423 juxta
2086 2356 2329 2410 hostium

335 2438 550 2506 cnipulo
578 2457 675 2490 suo
701 2439 936 2490 foramen
967 2457 1073 2507 quo
1100 2457 1319 2490 manum
1359 2439 1567 2491 inmisit
1599 2446 1653 2491 et
1692 2440 1941 2509 apperuit
1979 2440 2099 2505 sibi,
2125 2451 2328 2511 quanto

331 2523 510 2590 potuit
535 2522 745 2574 silentio
771 2521 913 2586 fecit,
940 2522 1179 2574 hostium
1206 2530 1382 2575 totum
1404 2531 1543 2575 stare
1564 2523 1691 2576 fecit
1715 2532 1978 2593 apertum,
1998 2526 2328 2597 veniensque

330 2608 513 2659 furtim
554 2608 620 2659 ad
664 2626 853 2677 equam
895 2607 1055 2659 solvit
1098 2627 1232 2661 eam.
1311 2609 1617 2679 Compertis
1660 2628 1788 2663 vero
1828 2618 2057 2679 quatuor
2092 2612 2197 2664 illis
2236 2615 2328 2683 qui

333 2710 491 2761 super
514 2692 804 2744 bracanum
848 2693 1202 2758 dormiebant,
1239 2694 1438 2755 furenti
1470 2696 1677 2748 fervore
1721 2695 1887 2747 animi
1911 2714 2072 2747 ausus
2099 2705 2183 2748 est
2207 2698 2326 2750 fim-

330 2777 470 2829 brias
495 2778 728 2842 bracani,
755 2797 872 2846 quae
898 2778 1071 2847 longae
1099 2787 1226 2830 sunt
1251 2788 1306 2831 et
1329 2780 1654 2845 fortissimae,
1692 2781 1874 2832 caudae
1894 2781 2128 2850 jumenti
2166 2783 2326 2851 ligare

330 2863 567 2927 firmiter,
592 2864 846 2932 ipsosque
885 2871 1114 2933 quatuor
1150 2882 1246 2932 per
1289 2865 1528 2916 medium
1571 2865 1709 2934 ignis
1736 2866 1973 2930 maximi,
2018 2867 2110 2935 qui
2150 2868 2325 2921 cinere

333 2966 427 2999 suo
466 2948 678 3017 jacebat
720 2955 959 3018 opertUS,
1003 2955 1152 3000 extra
1194 2950 1435 3001 hostium
1479 2951 1659 3015 traxit,
1705 2951 2055 3021 stupidosque
2093 2953 2324 3023 reliquit.

332 3032 494 3084 Facto
520 3032 682 3102 igitur
708 3034 937 3085 clamore
962 3041 1111 3085 totus
1136 3034 1318 3104 ipsum
1358 3035 1598 3104 sequitur
1641 3036 1925 3101 exercitus,
1965 3038 2092 3090 solis
2121 3038 2325 3091 scintil-

331 3116 452 3167 lulis
470 3118 693 3170 ducibus
711 3137 841 3188 quas
859 3119 916 3170 in
932 3118 1199 3172 brachano
1215 3121 1532 3189 praeferebat
1549 3142 1564 3187 3
1599 3121 1793 3190 quibus
1811 3123 2078 3188 extinctiS,
2099 3123 2322 3177 domum

331 3218 571 3254 reversus
598 3212 680 3256 est
706 3223 942 3269 securUS‚
969 3205 1221 3274 deditque
1259 3207 1568 3275 jumentum
1606 3215 1661 3259 et
1702 3207 2050 3273 brachanum,
2089 3210 2321 3279 acceptis

332 3286 522 3350 vacciS,
549 3288 882 3359 obtinuitque
910 3290 1010 3342 sibi
1038 3291 1252 3360 suisque
1279 3299 1540 3361 quantum
1565 3293 1622 3345 in
1654 3292 1775 3363 ipso
1800 3301 1914 3347 erat
1938 3294 2171 3346 audaciae
2207 3295 2320 3346 lau-

333 3368 453 3420 dem
480 3372 729 3425 adversus
753 3374 1010 3427 boreales·
