2638 3860
350 371 451 424 cap.
474 371 539 423 it]
964 372 1041 407 DE
1084 371 1267 408 Nueis
1308 371 1683 410 cumALmM.
2235 363 2336 410 109

328 499 530 563 horret,
558 496 733 550 modis
779 498 1033 551 omnibus
1075 518 1192 552 eam
1228 500 1284 552 in
1324 500 1752 570 desperationem
1798 498 2052 553 inducere
2093 507 2337 554 conatus·

331 584 531 650 SentiS,
558 603 590 637 o
619 584 763 651 Sadi,
791 586 1010 638 tandem
1033 586 1164 639 socii
1190 586 1629 652 sollicitudinem,
1655 593 1710 639 et
1730 585 1954 639 edoctus
1981 584 2048 638 ab
2073 585 2194 655 ipso
2214 605 2338 657 pro·

333 671 506 740 priam
532 671 684 724 facis,
762 672 1072 741 Ingreditur
1111 673 1180 725 ad
1203 672 1444 743 reginam
1473 671 1686 737 SadiuS,
1712 679 1767 724 et
1791 671 1943 741 quasi
1972 689 2192 724 suorum
2219 691 2341 726 nes-

336 758 450 810 cius
476 776 719 811 errorum
763 759 1000 811 carmina
1043 766 1224 812 cantat
1264 758 1413 812 cordi
1449 758 1687 829 pessimo
1707 779 1723 824 ;
1747 757 1931 810 laudat
1967 775 2085 810 eam
2130 757 2197 811 ab
2223 758 2342 811 alti-

334 844 523 896 tudine
541 845 862 910 stemmatiS,
879 844 946 897 ab
968 845 1230 916 elegantia
1245 844 1486 916 corporis
1506 852 1562 897 et
1580 844 1750 911 faciei,
1769 862 1982 896 morum
1999 851 2054 897 et
2077 843 2342 898 virtutum

334 929 541 994 asserit,
569 937 623 982 et
664 947 826 999 super
863 930 1047 983 omnia
1089 930 1408 983 miraculum
1448 928 1710 983 castitatis
1755 929 1971 1001 attollit,
2009 929 2155 999 quod
2179 929 2341 1000 plena

336 1016 559 1080 deliciis,
586 1016 734 1085 quod
760 1014 1015 1068 omnibus
1054 1015 1288 1081 abunda,
1326 1034 1446 1085 quae
1470 1015 1735 1068 desideria
1773 1015 2018 1086 quamvis
2056 1015 2339 1069 continen-

332 1103 470 1154 tium
497 1102 735 1155 excitent
759 1101 1026 1154 nobilium
1065 1109 1121 1155 et
1158 1102 1454 1155 electorum
1480 1101 1801 1172 appetibiles
1828 1102 2012 1155 eludat
2034 1101 2340 1168 instantiaS,

330 1195 385 1241 et
409 1207 534 1240 cum
559 1206 670 1240 non
698 1187 769 1239 sit
794 1205 915 1256 quae
943 1205 1055 1240 suae
1080 1187 1258 1257 possit
1273 1187 1523 1240 resistere
1547 1187 1835 1252 voluntati,
1869 1187 2006 1240 nulli
2033 1187 2104 1240 sit
2127 1187 2341 1242 addicta

330 1273 615 1343 voluptati.
693 1276 728 1304 “
744 1273 1016 1338 Victam,''
1057 1272 1254 1343 inquit,
1300 1276 1335 1303 “
1357 1291 1415 1326 se
1438 1274 1670 1326 fateatur
1703 1273 1898 1326 amodo
1925 1273 2207 1338 Lucretia3
2246 1274 2342 1327 sed

331 1378 432 1414 nec
484 1359 556 1412 sit
594 1359 677 1412 vir
724 1359 815 1429 qui
858 1366 1067 1412 tantam
1109 1359 1214 1412 sibi
1259 1377 1471 1429 sperare
1521 1367 1816 1430 praesumat
1854 1359 2017 1412 animi
2067 1359 2342 1414 virtutem.

335 1447 525 1499 Unum
551 1453 734 1498 tamen
761 1453 817 1498 et
841 1446 1064 1498 unicum
1104 1446 1214 1498 scio
1253 1464 1413 1516 quem
1441 1446 1507 1499 de
1534 1445 1696 1498 simili
1721 1463 1947 1515 possum
1971 1445 2189 1498 laudare
2214 1464 2342 1499 con·

337 1532 553 1597 stantia,
594 1531 640 1583 si
681 1550 792 1583 non
839 1531 889 1583 ei
925 1531 1154 1584 Veneris
1180 1550 1342 1583 usum
1367 1539 1529 1601 neget
1567 1531 1904 1600 impotentia.
1946 1585 1948 1587 ,
1981 1531 2089 1584 Sed
2116 1532 2261 1602 quod
2285 1532 2343 1585 in

332 1635 396 1670 eo
425 1618 687 1669 mirantur
713 1624 768 1669 et
795 1624 1021 1686 stupent
1047 1616 1156 1682 alii,
1182 1635 1404 1686 prorsus
1443 1617 1493 1669 ei
1531 1617 1718 1671 deesse
1743 1634 1854 1669 non
1883 1615 2128 1670 dubit0.''
2200 1618 2343 1671 Tum

330 1703 438 1768 illa,
466 1706 501 1733 “
522 1703 660 1757 Quis
685 1702 774 1755 hic
791 1704 809 1755 ?
826 1703 863 1728 ''
938 1702 1016 1754 At
1040 1702 1147 1767 ille,
1187 1706 1222 1733 ‘⁶
1243 1702 1404 1756 Certe
1442 1702 1535 1772 qui
1561 1702 1730 1755 cuivis
1756 1702 2041 1756 hominum
2066 1702 2343 1774 incompa-

332 1788 515 1850 rabilis
537 1796 638 1852 est,
665 1789 757 1841 sed
787 1788 878 1857 qui
904 1788 1127 1841 dictavit
1151 1805 1275 1840 eum
1293 1796 1349 1841 et
1364 1788 1572 1841 dotavit
1597 1787 1747 1841 omni
1771 1788 2024 1841 felicitate
2049 1788 2343 1855 DominuS,

331 1875 390 1927 in
414 1875 518 1927 hoc
545 1875 661 1927 solo
688 1874 983 1939 damnavit,
1010 1874 1106 1927 sed
1142 1881 1206 1927 ut
1242 1875 1359 1944 ipse
1401 1875 1532 1928 satis
1573 1874 1765 1928 asserit
1796 1874 2075 1928 salvavit.''
2153 1874 2343 1944 Suspi-

335 1961 480 2017 ciosa
505 1979 766 2030 suamque
791 1979 1009 2013 causam
1053 1959 1230 2030 aliqua
1272 1967 1426 2031 parte
1467 1967 1668 2013 tactam
1708 1959 1892 2029 regina
1915 1967 2192 2030 reputanS,
2217 1980 2343 2031 pro-

336 2048 458 2117 pius
484 2048 703 2112 assidet,
729 2046 954 2117 inquirit
990 2047 1270 2112 attentiuS‚
1296 2053 1499 2116 quanta
1522 2053 1707 2117 potest
1732 2046 2039 2100 adulatione
2065 2048 2346 2102 contendit

335 2134 519 2186 audire
544 2151 764 2197 nomen,
791 2132 926 2185 scire
946 2150 1254 2202 personam.
1331 2133 1526 2187 Sadius
1563 2140 1627 2185 ut
1665 2141 1932 2186 secretum
1970 2132 2167 2186 habeat
2205 2135 2344 2188 serio

336 2228 602 2289 precatur.
691 2219 793 2271 Illa
837 2218 1137 2272 certissime
1187 2219 1437 2289 spondet.
1529 2219 1607 2272 At
1654 2219 1763 2284 ille,
1825 2223 1861 2251 “
1882 2219 2100 2284 MeuS‚''
2150 2220 2351 2290 inquit,

339 2305 537 2368 “Galo,
563 2323 686 2356 cum
714 2304 895 2356 omnia
919 2304 1096 2373 possit
1121 2323 1152 2356 a
1177 2303 1493 2358 mulieribus
1514 2303 1777 2369 evincere,
1792 2322 2024 2357 vacuum
2045 2321 2102 2356 se
2127 2306 2346 2374 penitus

336 2391 535 2443 fatetur
574 2390 641 2442 ab
687 2408 867 2459 opere,
913 2391 1009 2442 sed
1049 2389 1183 2441 mihi
1224 2389 1381 2443 soli.'’
1479 2389 1659 2444 Dictis
1698 2389 1756 2442 in
1798 2390 1902 2442 hiis
1942 2390 2247 2459 ingemiscit
2288 2393 2346 2444 in

330 2493 523 2528 arcano
567 2474 767 2544 regina,
809 2492 910 2526 nec
956 2473 1203 2527 lacrimas
1242 2473 1465 2527 omnino
1492 2473 1752 2528 continet.
1830 2474 2041 2527 Salutat
2085 2493 2204 2528 eam
2247 2476 2343 2530 Sa·-

342 2561 480 2625 dius,
508 2567 563 2612 et
601 2560 850 2630 injecisse
890 2559 1202 2629 scrupulum
1239 2565 1415 2628 putat,
1442 2566 1497 2611 et
1520 2558 1737 2611 licentia
1763 2558 1886 2610 data
1910 2558 2139 2612 libenter
2163 2561 2349 2615 absce-

343 2647 440 2699 dit.
517 2646 776 2715 Properat
800 2646 890 2698 illa
931 2645 1044 2698 sola
1082 2652 1287 2697 secreto
1328 2644 1475 2709 fieri3
1513 2651 1768 2714 properat
1791 2644 1880 2696 ille
1920 2644 2065 2697 socio
2103 2645 2348 2713 fabulari,

341 2733 434 2803 qui
474 2732 893 2785 sollicitudinem
962 2732 1080 2802 ejus
1139 2731 1433 2784 affectuosa
1481 2730 1840 2800 gratulatione
1890 2730 2252 2800 prosequitur,
2292 2740 2348 2787 et

341 2821 407 2873 de
447 2837 542 2870 sua
568 2837 727 2888 quam
754 2836 822 2871 ex
845 2818 950 2871 hoc
976 2825 1156 2887 sperat
1181 2826 1237 2870 et
1262 2824 1581 2886 conceperat
1605 2816 1880 2886 ereptione
1904 2816 2133 2873 laetatur.

418 2905 526 2956 Sed
552 2922 707 2956 secus
733 2911 849 2956 est:
890 2923 1017 2956 nam
1041 2904 1132 2956 illa
1156 2922 1268 2956 non
1294 2903 1510 2968 dormit,
1546 2921 1707 2972 quam
1747 2902 1941 2955 Sadius
1967 2903 2035 2955 ad
2060 2903 2346 2972 ampliores

343 2989 670 3043 excitaverat
694 2989 988 3058 angustias·
1063 2988 1337 3041 Omnibus
1376 2989 1607 3042 evolutis
1636 3006 1755 3058 quae
1793 2988 1983 3044 docere
2024 2989 2201 3057 potuit
2225 3007 2346 3042 eam

343 3092 511 3139 amor,
536 3093 645 3126 una
669 3075 847 3144 placet
873 3075 968 3127 sed
993 3074 1294 3144 periculosa
1334 3074 1618 3139 sententia,
1656 3092 1754 3143 per
1777 3068 2167 3126 nobilissimam
2193 3075 2347 3144 puel-

343 3162 515 3213 larum
539 3161 721 3230 palatii
763 3161 909 3229 quod
949 3159 1019 3212 ob
1063 3159 1442 3214 verecundiam
1468 3178 1564 3229 per
1590 3177 1646 3211 se
1671 3177 1784 3212 non
1809 3159 2090 3230 praesumit
2114 3167 2347 3231 attemp-

343 3255 457 3299 tare
500 3246 785 3311 desiderat,
827 3246 872 3298 si
910 3264 1069 3298 verus
1108 3253 1192 3299 est
1231 3245 1424 3299 Sadius
1462 3252 1557 3298 aut
1592 3246 1777 3300 falsus,
1852 3246 2083 3298 Instruit
2125 3264 2243 3299 eam
2293 3255 2350 3302 et

345 3333 504 3388 docet
552 3333 776 3398 aditum,
815 3350 920 3403 quo
946 3332 1122 3403 possit
1158 3332 1212 3385 in
1256 3331 1482 3386 Galonis
1521 3332 1802 3404 amplexus
1837 3332 2003 3399 illabi,
2041 3333 2348 3406 nudamque
