2638 3860
341 407 411 454 90
1055 411 1365 448 GUALTERI
1407 407 1607 445 MAPES
2018 409 2220 461 [Distinc.
2238 409 2301 448 ΙΙ.

340 543 406 595 lis
425 542 480 594 in
498 541 812 594 arundineto
828 556 923 608 per
939 536 1174 590 medium
1190 535 1506 588 miserorum
1523 531 1790 602 irrumpit,
1808 532 1988 586 vicum
2003 534 2326 604 relinquens,

346 627 679 694 Quocunque
702 623 937 692 graditur
962 620 1161 673 cedunt
1184 619 1346 689 igitur
1371 626 1426 670 et
1453 619 1732 671 caeduntur
1755 618 1967 683 inclusi,
1993 627 2049 670 et
2073 620 2196 688 quia
2229 637 2328 671 nec

343 729 465 779 spes
485 718 566 762 est
583 709 738 762 victis
758 725 857 759 nec
875 706 1036 759 timor
1054 704 1367 769 victoribuS,
1388 704 1745 773 dedignantur
1759 703 2025 772 persequi,
2045 722 2329 773 regemque

341 803 554 847 revocat
599 794 772 858 Gad0,
815 799 1075 845 vocantur
1116 791 1184 842 ad
1227 808 1415 860 pacem
1459 789 1550 859 qui
1591 789 1796 841 bellum
1833 788 2142 853 attulerant,
2167 797 2222 841 et
2239 807 2333 841 ac-

346 879 513 948 ceptis
539 898 570 931 a
594 897 715 949 rege
739 877 966 931 navibus
992 883 1237 930 mortuos
1264 894 1392 929 suos
1419 876 1652 928 Romam
1679 892 1861 927 secum
1889 873 2226 943 sepeliendos
2251 892 2334 928 re-

340 964 559 1016 vehunt.

556 1107 644 1158 De
667 1107 945 1158 Androneo
963 1107 1275 1174 imperatore
1306 1104 1891 1171 Constantinopolitam.
1966 1101 2117 1155 xviii.

415 1219 784 1288 Regnantibus
830 1219 1106 1272 Lodovico
1148 1219 1384 1288 grosso*
1427 1217 1486 1268 in
1532 1216 1723 1280 Gallia,
1770 1216 2008 1268 Henrico
2054 1216 2229 1286 primo
2274 1216 2332 1268 in

344 1305 553 1373 Anglia,
592 1305 888 1374 imperabat
929 1301 1541 1372 Constantinopolitanis
1581 1301 1913 1366 Andronius,
1957 1302 2169 1354 duobus
2206 1302 2331 1354 filiis

347 1390 648 1456 praeclaruS,
673 1389 952 1442 Andronio
979 1397 1034 1441 et
1070 1388 1378 1449 Manuele.†
1452 1387 1628 1439 Misso
1667 1394 1847 1438 autem
1885 1405 1916 1438 a
1952 1395 2103 1456 patre
2143 1406 2242 1440 suo
2280 1388 2337 1439 in

349 1474 742 1542 expeditionem
767 1472 1047 1525 Andronio
1073 1480 1128 1525 et
1150 1472 1226 1524 ibi
1251 1478 1634 1535 commorante,
1660 1471 1926 1523 concessit
1949 1471 2005 1524 in
2031 1474 2139 1524 fata
2170 1481 2338 1540 pater.

354 1557 652 1628 Occupavit
672 1577 795 1628 ergo
817 1558 1042 1610 Manuel
1065 1557 1349 1626 imperium
1368 1556 1567 1619 illicite,
1589 1556 1712 1625 quia
1730 1557 1932 1625 junior,
1957 1575 2339 1628 reversumque

350 1645 585 1712 reppulit
602 1644 960 1707 Andronium,
981 1642 1072 1712 qui
1090 1660 1186 1712 per
1209 1641 1511 1710 provincias
1532 1649 1587 1693 et
1612 1641 1854 1694 civitates
1881 1643 2150 1711 querelam
2174 1651 2339 1696 tantae

354 1728 594 1781 deferens
619 1729 827 1798 injuriae
853 1736 1038 1780 contra
1063 1728 1377 1780 Manuelem
1401 1729 1511 1780 fere
1550 1727 1834 1779 dimidium
1871 1729 2098 1781 armavit
2135 1728 2339 1794 orbern,

354 1813 779 1883 obtinuissetque
823 1814 1078 1866 adversus
1119 1831 1261 1876 eum,
1313 1812 1408 1864 sed
1450 1811 1674 1863 Manuel
1714 1812 1951 1864 thesauri
1990 1813 2248 1883 prodigus
2289 1823 2344 1867 et

355 1915 543 1950 avarus
582 1899 819 1963 honoriS,
861 1898 1034 1950 sciens
1080 1897 1299 1949 Graecos
1339 1896 1528 1948 molles
1569 1903 1624 1948 et
1662 1896 1961 1961 foemineos,
1999 1898 2248 1967 loquaces
2289 1908 2344 1952 et

359 1981 592 2048 doloSOS,
631 1983 938 2051 nulliusque
978 1990 1163 2035 contra
1200 1983 1386 2034 hostes
1428 1981 1554 2033 fidei
1578 1981 1666 2033 vel
1690 1980 1923 2047 virtutis,
1965 2002 2063 2052 pro
2102 1992 2345 2053 tempore

361 2066 463 2118 sibi
501 2068 701 2119 utiliter
724 2086 854 2119 usus
892 2074 992 2132 est,
1018 2067 1094 2119 eis
1121 2066 1304 2119 effusis
1332 2066 1500 2135 copiis
1527 2073 1582 2118 et
1622 2066 1884 2119 simulatis
1923 2069 2224 2137 promissiS,
2262 2071 2345 2122 in-

361 2153 616 2222 duxitque
659 2153 856 2205 viritim
899 2152 1050 2222 quasi
1088 2153 1156 2204 ad
1204 2152 1446 2221 ipsorum¹
1494 2152 1720 2204 tutelam
1761 2160 1820 2204 et
1869 2171 2219 2222 personarum
2265 2174 2348 2207 sa-

358 2237 527 2289 lutem
553 2238 932 2301 cismontanOS,
959 2255 1055 2306 pro
1080 2237 1213 2307 ipsis
1241 2237 1441 2290 scilicet
1465 2237 1714 2306 periculis
1741 2237 2093 2307 objiciendOS,
2124 2247 2196 2305 et,
2223 2260 2346 2294 cum

360 2323 661 2374 nullatenus
687 2329 991 2390 parceretur
1015 2322 1276 2391 pecuniae,
1302 2322 1529 2374 famelici
1568 2340 1665 2391 per
1690 2330 1893 2375 turmas
1919 2325 2231 2379 advolantes
2268 2345 2352 2380 re-

358 2407 578 2475 plebant
617 2415 829 2470 terram,
870 2415 926 2459 et
966 2408 1295 2476 pedetentim
1335 2407 1561 2477 ingressi
1600 2415 1716 2461 toto
1760 2427 1817 2462 se
1858 2428 2018 2462 cursu
2051 2411 2109 2462 in
2133 2420 2351 2481 gentem

361 2512 604 2562 magnam
642 2492 943 2562 perficiunt.
1016 2492 1204 2545 Victor
1241 2492 1403 2561 igitur
1443 2510 1629 2546 eorum
1670 2510 1832 2563 opera
1871 2495 2098 2548 Manuel
2137 2504 2192 2549 et
2230 2515 2352 2567 ope,

415 2663 439 2686 *
468 2662 592 2702 Louis
617 2664 712 2712 VL,
732 2664 823 2703 who
851 2663 1051 2703 ascended
1078 2664 1149 2703 the
1176 2663 1324 2704 throne
1379 2663 1426 2703 of
1456 2663 1643 2711 Manuel,
1673 2676 1755 2703 was
1782 2664 1901 2704 made
1930 2664 2132 2716 Emperor
2157 2666 2201 2705 in
2231 2667 2352 2716 1180,

365 2730 411 2768 of
426 2731 576 2769 France
595 2732 637 2769 in
657 2731 726 2770 the
747 2744 839 2782 year
860 2735 979 2771 1108.
1380 2731 1459 2769 and
1486 2731 1520 2769 it
1538 2743 1618 2769 was
1638 2734 1682 2769 to
1701 2731 1787 2769 him
1807 2731 1898 2770 that
1922 2733 2075 2782 Agnes,
2097 2733 2294 2784 daughter
2313 2736 2361 2774 of

417 2800 447 2841 ’ΐ-
479 2798 622 2849 Mapes
662 2811 830 2849 appears
858 2802 901 2837 to
928 2798 1032 2837 have
1058 2798 1161 2837 been
1188 2799 1235 2837 ill
1260 2799 1325 2839 in·
1381 2798 1508 2837 Louis
1533 2798 1572 2836 le
1594 2798 1728 2837 Jeune
1748 2798 1796 2837 of
1811 2799 1979 2847 France,
1999 2813 2081 2839 was
2101 2802 2294 2841 affianced
2312 2804 2357 2842 in

365 2864 523 2903 formed
540 2867 786 2915 concerning
804 2866 875 2904 the
893 2865 1026 2903 affairs
1046 2866 1093 2904 of
1115 2866 1185 2904 the
1205 2866 1326 2905 East-
1381 2865 1471 2904 that
1506 2878 1615 2916 year,
1658 2866 1740 2904 and
1777 2870 1870 2905 sent
1904 2870 1949 2906 to
1997 2867 2354 2922 Constantinople.

367 2944 438 2970 ern
459 2932 639 2983 Empire,
659 2933 739 2971 and
756 2933 807 2971 he
834 2932 908 2971 has
936 2932 1060 2971 fallen
1087 2933 1176 2971 into
1205 2933 1329 2972 much
1383 2933 1658 2980 Andronicus,
1698 2934 1768 2973 the
1806 2934 1950 2974 cousin
1978 2936 2026 2974 of
2057 2937 2128 2975 the
2157 2937 2359 2989 Emperor

367 2999 581 3038 confusion
599 3000 643 3038 in
662 3000 732 3038 the
750 3004 915 3050 present
934 3001 1115 3051 chapter.
1172 3000 1327 3048 Alexis,
1384 3001 1570 3049 Manuel,
1601 3015 1682 3041 was
1714 3002 1939 3042 associated
1966 3003 2065 3042 with
2100 3004 2188 3043 him
2214 3006 2259 3044 in
2286 3007 2358 3047 the

370 3066 438 3103 the
457 3064 546 3104 first
565 3066 611 3105 of
624 3065 694 3105 the
712 3066 852 3117 family
865 3067 912 3105 of
927 3067 996 3106 the
1017 3067 1235 3113 Comneni,
1249 3080 1331 3106 was
1386 3070 1537 3120 empire
1564 3070 1607 3109 in
1637 3072 1756 3118 1183,
1786 3071 1882 3119 and,
1911 3071 2061 3123 having
2089 3074 2235 3112 caused
2271 3074 2358 3113 him

370 3133 590 3172 succeeded
608 3146 662 3172 on
681 3134 751 3172 the
770 3134 917 3174 throne
937 3136 984 3174 of
999 3135 1333 3187 Constantinople
1387 3140 1432 3175 to
1450 3137 1502 3176 be
1521 3137 1736 3177 murdered
1764 3139 1835 3178 the
1855 3151 1965 3178 same
1993 3152 2103 3191 year,
2134 3143 2359 3180 succeeded

370 3198 424 3247 by
462 3199 525 3237 his
563 3200 690 3239 eldest
718 3213 792 3239 son
819 3201 933 3240 John
969 3203 1013 3241 in
1052 3205 1171 3250 1118,
1201 3203 1336 3242 whose
1390 3217 1434 3244 as
1463 3205 1548 3245 sole
1576 3217 1778 3257 emperor,
1808 3207 1890 3247 and
1908 3208 2083 3247 married
2101 3209 2170 3248 the
2199 3209 2359 3249 French

375 3266 523 3303 second
542 3278 617 3306 son
636 3267 807 3307 Manuel
824 3270 1045 3310 succeeded
1064 3283 1117 3310 on
1135 3271 1200 3310 his
1214 3271 1335 3310 death
1389 3273 1570 3325 princess
1588 3273 1742 3325 Agnes.

372 3330 417 3370 in
437 3331 555 3371 1143.
610 3333 697 3374 The
716 3336 866 3376 second
883 3337 1036 3387 Alexis,
1056 3338 1126 3379 the
1143 3338 1241 3390 only
1259 3351 1335 3379 son
