2638 3860
403 401 505 448 202
1116 402 1426 440 GUALTERI
1467 400 1669 435 MAPEs
2091 398 2287 449 [Distinc.
2310 396 2362 435 v,

401 550 558 602 trices
597 547 796 617 aquilas
823 542 1065 596 mercede
1101 542 1288 610 dignas
1331 538 1628 608 iniquitatis
1655 535 1799 588 illico
1826 536 2006 588 refert.
2082 536 2183 588 Ille
2214 554 2395 605 regem

401 635 626 705 impiger
668 633 794 694 adit,
833 629 1159 680 abbatissam
1201 635 1254 678 et
1287 644 1409 676 suas
1445 624 1687 692 publicas
1730 630 2067 690 praegnantes
2107 631 2161 673 et
2198 622 2395 690 prosti-

400 728 543 771 tutas
583 717 830 769 omnibus
870 715 1075 776 edocet,
1117 721 1171 764 et
1206 709 1633 780 exploratoribus
1678 707 1857 758 missis
1899 714 1954 757 et
1998 707 2124 757 inde
2165 708 2393 775 receptis

401 803 577 854 omnia
613 801 838 870 probat3
877 798 1210 851 Berkelaiam
1236 797 1366 865 ipsis
1394 795 1530 863 petit
1555 791 1755 862 ejectis,
1795 800 1849 843 et
1891 792 2095 860 accepit
2120 811 2150 843 a
2176 793 2396 843 domino

402 904 517 949 suo,
552 886 644 937 sed
682 885 871 936 melius
915 903 945 934 a
987 885 1135 934 fatuo
1181 900 1297 933 suo.
1374 880 1643 932 Boseham
1689 877 1789 929 sub
1837 877 2098 928 Cicestria
2136 877 2303 940 videt,
2343 885 2398 929 et

402 971 683 1033 affectavit,
734 979 788 1022 et
848 970 1020 1021 multo
1072 969 1301 1036 stipatus
1366 966 1576 1035 agmine
1639 971 1951 1032 magnatum
2004 962 2287 1013 subridens
2343 971 2399 1014 et

399 1057 607 1120 ludens,
636 1055 1009 1108 Cantuariensi
1035 1054 1435 1123 archiepiscopo
1463 1052 1616 1120 cujus
1636 1059 1765 1102 tunc
1792 1058 1905 1101 erat
1930 1049 2081 1101 vicus
2108 1049 2199 1112 ait,
2226 1053 2261 1078 ‘⁶
2282 1049 2398 1100 Do-

401 1141 561 1205 mine,
589 1142 682 1193 das
709 1141 839 1192 mihi
867 1140 1153 1192 Boseam.”
1229 1138 1680 1206 Archiepiscopus
1722 1144 1902 1186 autem
1941 1134 2210 1185 admirans
2246 1134 2398 1203 quasi

404 1227 504 1279 sub
543 1227 838 1296 quaestione
874 1226 1105 1295 repetiit,
1137 1226 1306 1293 “Ego
1339 1224 1407 1275 do
1434 1223 1533 1274 tibi
1562 1222 1850 1274 Boseam.”
1924 1222 2000 1272 At
2025 1221 2113 1271 ille
2140 1220 2399 1271 continuo

401 1332 522 1365 cum
548 1314 637 1364 illa
662 1332 820 1364 manu
850 1312 1081 1363 militum
1108 1311 1175 1362 ad
1202 1311 1317 1379 ejus
1349 1309 1580 1379 procidit
1617 1316 1678 1359 ut
1717 1314 2098 1376 procuraverat
2135 1305 2319 1374 pedeS,
2346 1312 2401 1356 et

402 1399 716 1450 deosculans
758 1417 850 1450 eos
895 1416 1018 1449 cum
1055 1397 1225 1448 multa
1272 1395 1561 1464 gratiarum
1599 1393 1808 1445 actione
1847 1391 2068 1443 recessit
2123 1391 2187 1442 ad
2231 1391 2399 1442 Bose-

400 1484 543 1547 ham,
570 1492 624 1536 et
649 1484 884 1536 violenta
910 1482 1275 1534 dominatione
1301 1481 1541 1544 retinuit,
1580 1487 1635 1531 et
1677 1497 1800 1530 cum
1826 1476 2138 1529 testimonio
2180 1494 2400 1526 suorum

402 1567 715 1619 donatorem
788 1566 1025 1618 laudavit
1082 1565 1545 1633 archiepiscopum
1621 1581 1800 1614 coram
1856 1580 1996 1629 rege,
2053 1561 2402 1628 posseditque

398 1654 632 1722 pacifice.
702 1653 788 1703 Ex
814 1652 897 1702 his
924 1651 1081 1702 nobis
1110 1651 1321 1702 animus
1349 1651 1465 1719 ejus
1504 1649 1767 1711 innoteat,
1808 1648 1865 1697 in
1904 1646 2236 1715 adquirendo
2279 1663 2403 1713 pes-

399 1738 575 1798 tilenS,
622 1745 683 1789 ut
732 1738 788 1788 in
836 1738 1011 1789 dando
1058 1738 1310 1806 profusus
1360 1736 1530 1787 fieret.
1604 1734 1844 1786 Venator
1888 1740 2002 1784 erat
2051 1731 2293 1784 omnium
2338 1748 2406 1782 ex

402 1822 652 1874 omnibus
678 1823 944 1874 lucrorum
984 1821 1314 1884 hominibUS,
1349 1828 1411 1872 ut
1451 1818 1703 1871 omnibus
1747 1817 2015 1868 sufficeret
2053 1816 2114 1867 in'
2150 1815 2405 1867 distribu-

403 1906 673 1972 tionibus3
715 1908 875 1959 timor
901 1908 1144 1959 omnium
1170 1914 1224 1957 et
1249 1924 1390 1975 spes,
1421 1905 1583 1956 ludus
1610 1911 1665 1956 et
1689 1903 1893 1955 laetitia.

924 2065 1011 2115 De
1043 2066 1272 2115 Cnutone
1296 2080 1416 2130 φερε
1443 2063 1736 2113 Dacorum.
1811 2059 1883 2113 iv,

477 2176 610 2227 Erat
664 2175 752 2226 illa
800 2182 1119 2245 tempestate
1172 2193 1359 2244 regum
1406 2173 1647 2226 omnium
1693 2172 1991 2224 ditissimus
2037 2179 2092 2223 et
2148 2171 2408 2223 strenuis—

409 2261 575 2313 simus
639 2262 910 2313 Dacorum
960 2279 1052 2313 rex
1106 2260 1374 2313 Chnutus.
1478 2259 1586 2310 Hic
1655 2259 1721 2311 ab
1783 2258 2135 2327 optimatibus
2197 2258 2407 2327 Angliae

405 2355 643 2411 vocatUS,
691 2357 745 2399 et
782 2347 1150 2416 frequentibus
1189 2345 1430 2414 epistolis
1475 2345 1703 2407 illectus,
1754 2363 1865 2395 non
1903 2344 2085 2395 invitis
2133 2344 2228 2396 sed
2272 2345 2409 2396 invi-

409 2432 648 2483 tantibus
711 2433 950 2501 Anglicis
1014 2440 1069 2484 et
1130 2451 1253 2483 cum
1314 2431 1509 2500 gaudio
1574 2430 2011 2499 suscipientibus,
2074 2449 2196 2481 cum
2260 2449 2410 2482 exer-

408 2518 517 2569 citu
564 2518 729 2570 nimio
756 2519 812 2569 in
858 2519 1150 2570 Danesiam
1193 2518 1414 2586 illapsus
1461 2524 1561 2581 est,
1596 2535 1714 2585 quae
1758 2535 1903 2567 nunc
1947 2534 2117 2585 usque
2159 2516 2353 2568 dicitur
2378 2536 2409 2568 a

413 2603 573 2654 Dacis
611 2611 673 2654 ut
710 2603 860 2654 aiunt
886 2604 1139 2655 Danesia.
1216 2603 1339 2654 Hoc
1378 2610 1556 2654 autem
1598 2602 1986 2654 contumeliosa
2023 2602 2149 2652 fecit
2189 2621 2411 2671 oppres-

413 2688 508 2740 si0.
584 2690 711 2740 Mos
770 2690 911 2740 enim
968 2708 1153 2759 regum
1199 2697 1299 2752 est,
1337 2697 1399 2739 ut
1439 2696 1640 2756 quanto
1693 2688 1918 2756 quisque
1970 2686 2208 2738 timidior
2257 2696 2410 2740 tanto

413 2774 689 2826 crudelior.
786 2775 928 2826 Talis
980 2783 1034 2826 et
1094 2783 1205 2826 tam
1254 2775 1505 2825 immanis
1569 2773 1886 2835 EdelreduS,
1951 2772 2074 2840 quia
2134 2772 2412 2824 timidissi-

414 2878 535 2910 mus
560 2868 671 2911 erat
713 2868 767 2911 et
805 2879 992 2912 omnes
1035 2860 1278 2923 timebat,
1317 2859 1671 2911 insidiabatur
1699 2858 1951 2909 omnibus
1994 2866 2049 2908 et
2097 2877 2206 2909 non
2253 2859 2414 2909 simul

416 2963 600 2996 omnes
651 2946 745 2996 sed
795 2946 1100 3015 singillatim
1159 2947 1395 3015 optimos
1440 2944 1844 3014 comprimebat,
1897 2955 1952 2995 et
2001 2943 2303 2995 libertatem
2356 2946 2413 2996 in

420 3031 727 3082 servitutem
777 3039 832 3082 et
880 3050 908 3083 e
963 3050 1222 3083 converso
1263 3031 1553 3100 redigebat,
1597 3031 1731 3082 colla
1782 3030 2046 3081 nobilium
2101 3030 2267 3081 servis
2312 3031 2416 3082 cal-

419 3116 584 3166 canda
631 3115 921 3183 praebebat,
965 3116 1102 3184 juris
1147 3134 1377 3178 eversor,
1428 3124 1659 3166 assertor
1708 3114 1935 3184 injuriae,
1981 3114 2200 3165 saevitiae
2252 3123 2413 3179 sator,

419 3200 587 3251 fomes
626 3201 998 3265 inclementiae,
1042 3220 1141 3253 nec
1184 3202 1328 3253 ultor
1377 3201 1604 3270 injuriae,
1646 3219 1745 3252 nec
1796 3200 2061 3251 benefacti
2109 3199 2415 3251 retributor.

422 3283 547 3334 Non
575 3285 785 3336 amabat
810 3304 968 3354 quem
994 3305 1103 3337 non
1130 3295 1315 3355 posset
1349 3287 1424 3338 ira
1458 3287 1545 3338 vel
1572 3286 1844 3338 servitutis
1871 3286 1958 3337 vel
1983 3284 2304 3354 proditionis
2331 3285 2417 3336 vel

423 3367 644 3437 alicujus
671 3388 885 3438 arguere
911 3371 1162 3424 criminis.
1240 3372 1588 3442 Completum
1631 3372 1689 3424 in
1732 3371 1852 3440 ipso
1893 3379 1976 3422 est
2019 3370 2162 3439 quod
2205 3369 2416 3434 dicitur,
