2638 3860
306 375 403 421 152
1015 376 1327 414 GUALTERI
1369 375 1569 410 MAPEs
1962 376 2161 426 [Distinc.
2183 377 2261 417 IV.

298 524 423 576 tatis
451 523 641 575 devote
682 518 917 587 concepi,
946 516 1039 568 sed
1081 516 1137 567 in
1175 515 1386 565 timore.
1462 511 1639 563 Causa
1663 511 1826 580 hujus
1853 519 1967 564 tota
1989 514 2105 565 haec
2130 514 2289 566 lectio

295 610 432 660 facta
458 615 555 659 est.
628 605 714 656 Ad
747 605 891 655 hunc
925 602 1087 653 finem
1126 607 1242 652 tota
1276 600 1391 650 haec
1416 597 1540 649 licet
1576 597 1722 648 lenta
1748 599 2055 666 properavit
2099 600 2287 651 oratic.

299 694 479 761 Hujus
517 691 657 758 rigor
682 687 1032 740 dissuasionis
1069 685 1157 737 hic
1195 692 1343 736 totus
1383 689 1637 747 armatur,
1664 683 1816 750 cujus
1855 683 2028 735 multo
2067 684 2290 754 chalybe

296 778 607 846 perduratos
635 773 800 826 sentis
827 772 1056 824 aculeos·

833 931 1100 981 Conclusio
1115 929 1383 996 proedictoe
1409 928 1651 994 epistolae.
1689 924 1782 993 iiij.

365 1053 514 1103 Dura
539 1058 621 1103 est
647 1069 836 1101 manus
864 1049 1111 1118 chirurgi,
1140 1049 1234 1100 sed
1261 1066 1473 1100 sanans,
1537 1048 1723 1099 Durus
1750 1055 1834 1099 est
1858 1047 1946 1099 hic
1972 1065 2164 1112 sermO,
2194 1048 2289 1099 sed

295 1156 471 1199 sanus,
510 1144 565 1188 et
600 1136 699 1187 tibi
738 1136 943 1186 utinam
985 1143 1095 1186 tam
1135 1133 1282 1185 utilis
1319 1152 1479 1202 quam
1515 1133 1762 1185 devotus.
1838 1134 2077 1197 Arctam,
2104 1141 2166 1184 ut
2192 1133 2286 1194 ais,

292 1222 391 1274 tibi
416 1222 598 1290 infligo
628 1221 840 1273 vivendi
865 1220 1123 1288 regulam.
1197 1220 1353 1270 Esto.
1417 1219 1581 1270 Arcta
1608 1218 1749 1270 enim
1777 1227 1860 1270 est
1885 1218 1969 1269 via
1996 1236 2114 1287 quae
2142 1218 2290 1270 ducit

296 1308 362 1359 ad
399 1308 581 1371 vitam,
623 1325 721 1358 nec
761 1314 844 1357 est
879 1306 1067 1357 semita
1105 1306 1263 1374 plana
1301 1323 1405 1373 qua
1441 1304 1550 1355 itur
1587 1304 1653 1355 ad
1679 1304 1872 1372 gaudia
1898 1304 2079 1373 plena3
2120 1304 2287 1354 immo

294 1393 453 1444 etiam
471 1392 537 1443 ad
557 1391 841 1443 mediocria
860 1409 955 1460 per
977 1390 1207 1442 salebras
1229 1389 1521 1441 evadimus.
1587 1389 1812 1440 Audivit
1840 1389 1877 1442 J
1880 1408 2010 1441 ason
2029 1389 2174 1458 quod
2194 1406 2290 1457 per

293 1496 437 1529 mare
463 1478 635 1528 adhuc
673 1476 831 1528 nullis
871 1476 1261 1545 devirginatum
1290 1474 1494 1526 ratibus
1533 1482 1625 1525 aut
1661 1474 1841 1538 remis,
1881 1482 1934 1526 et
1970 1492 2066 1543 per
2102 1482 2286 1526 tauros

297 1563 632 1631 sulphureOS,
654 1570 707 1614 et
732 1580 828 1630 per
853 1561 1071 1613 toxicati
1099 1560 1363 1630 serpentis
1388 1559 1613 1628 vigilias,
1641 1559 1742 1610 sibi
1767 1560 2024 1611 viandum
2051 1567 2195 1612 esset
2220 1560 2287 1610 ad

293 1666 511 1699 aureum
536 1647 737 1711 vellus3
777 1654 832 1698 et
858 1665 987 1698 sano
1009 1646 1229 1699 consilio
1249 1646 1375 1696 licet
1399 1663 1510 1696 non
1537 1644 1687 1696 suavi
1711 1663 1842 1696 usus
1869 1644 2016 1709 abiit,
2038 1653 2093 1698 et
2112 1645 2287 1709 rediit,

294 1740 348 1784 et
374 1731 662 1801 optabilem
702 1732 1012 1783 thesaurum
1039 1731 1240 1783 retulit.
1312 1731 1399 1783 Sic
1426 1730 1752 1781 absinthium
1781 1730 2021 1782 veritatis
2048 1738 2290 1799 acceptat

294 1837 518 1870 morosae
544 1817 739 1869 mentis
777 1818 1068 1881 humilitas,
1107 1817 1380 1869 foecundat
1405 1816 1640 1868 officiosa
1668 1817 1943 1880 sedulitas,
1969 1817 2027 1868 in
2052 1818 2288 1868 fructum

294 1903 542 1972 producit
581 1903 989 1971 perseverantiae
1038 1902 1259 1953 utilitas,
1336 1902 1424 1953 Sic
1474 1910 1769 1953 sementem
1797 1901 1986 1954 asserit
2035 1902 2289 1971 pincerna

296 1988 595 2056 pluviarum
633 1988 848 2050 Auster,
875 1987 1174 2038 consolidat
1213 2005 1374 2054 scopa
1411 1985 1616 2037 viarum
1651 1987 1867 2056 Aquilo,
1893 1987 1950 2038 in
1987 1987 2288 2039 ubertatem

295 2079 577 2142 promovet
600 2073 793 2123 florum
820 2080 1023 2124 creator
1056 2072 1355 2141 Zephyrus.
1448 2070 1536 2123 Sic
1563 2072 1694 2123 dura
1719 2071 1981 2141 principia
2007 2072 2148 2124 dulci
2181 2072 2289 2124 fine

296 2166 642 2210 munerantur
658 2179 672 2222 3
715 2159 790 2209 sic
816 2166 992 2210 arctus
1019 2158 1164 2209 callis
1192 2157 1257 2208 ad
1284 2157 1460 2226 ampla
1486 2157 1634 2208 ducit
1660 2157 1888 2226 palatia3
1927 2158 2002 2210 sic
2029 2166 2288 2227 angustus

297 2251 490 2295 trames
509 2244 573 2294 ad
590 2251 781 2295 terram
799 2243 1112 2295 viventium.
1190 2243 1295 2294 Sed
1312 2251 1373 2293 ut
1389 2243 1654 2311 majorum
1674 2243 1984 2295 testimonio
2002 2243 2134 2294 mihi
2154 2243 2287 2294 fides

298 2329 624 2393 adhibeatur,
656 2330 770 2398 lege
797 2330 1090 2380 Aureolum
1116 2329 1515 2397 Theophrasti*
1542 2337 1597 2381 et
1638 2328 1891 2382 Medeam
1929 2329 2204 2395 Jasonis,†
2235 2337 2290 2382 et

297 2414 384 2466 vix
411 2433 578 2484 pauca
603 2414 841 2466 invenies
869 2414 1074 2466 mulieri
1102 2413 1468 2484 impossibilia.

881 2599 1031 2648 Finis
1055 2598 1283 2664 epistoloe
1299 2600 1599 2663 proemissoe.
1660 2616 1713 2650 v.

368 2721 572 2785 Amice,
603 2722 695 2774 det
734 2722 832 2773 tibi
871 2723 1023 2774 Deus
1050 2723 1392 2791 omnipotens
1419 2722 1804 2791 omnipotentis
1831 2723 2061 2775 foeminae
2087 2723 2292 2776 fallacia

299 2825 407 2858 non
434 2807 623 2876 decipi,
650 2816 704 2859 et
728 2808 995 2859 illuminet
1020 2826 1111 2860 cor
1136 2815 1290 2859 tuum
1317 2827 1385 2860 ne
1409 2808 1749 2877 praestigiatis
1771 2808 1938 2860 oculis
1965 2809 2155 2861 tendas
2183 2827 2289 2879 quo

300 2910 395 2960 ego
422 2892 601 2944 timeo,
678 2893 784 2945 Sed
810 2911 878 2944 ne
905 2892 1157 2945 Orestem
1181 2893 1457 2963 scripsisse
1482 2894 1681 2957 videar,
1707 2894 1842 2946 va‘le.

373 2975 580 3027 Scimus
622 2977 761 3028 hanc
794 2976 1059 3045 placuisse
1098 2977 1300 3041 multiS,
1341 2978 1494 3030 avide
1533 2978 1754 3047 rapitur,
1799 2978 2172 3030 transcribitur
2207 2979 2291 3030 in·-

304 3067 465 3125 tente,
491 3062 648 3129 plena
667 3062 1000 3130 jocunditate
1025 3062 1233 3131 legitur.
1311 3063 1496 3114 Meam
1537 3071 1717 3115 tamen
1763 3082 1879 3116 6886
1924 3064 2160 3133 quidam,
2197 3064 2291 3116 sed

305 3144 370 3195 de
395 3146 565 3212 plebe,
591 3155 802 3216 negant.
880 3148 1140 3217 Epistolae
1166 3148 1309 3201 enim
1334 3149 1594 3214 invident,
1637 3150 1883 3202 decorem
1919 3169 2077 3202 suum
2103 3150 2151 3202 ei
2175 3150 2291 3201 vio-

358 3312 382 3335 *
413 3312 504 3351 MS.
527 3314 682 3353 Arund.
718 3316 906 3364 qurasti.
1377 3321 1407 3365 ’1-
1437 3320 1629 3367 Nasonis,
1652 3319 1748 3359 MS.
1770 3319 1929 3358 Arund.
