2638 3860
321 333 423 385 Cap.
446 333 502 384 v.]
945 338 1023 372 DE:
1065 339 1248 375 NUGIS
1291 339 1666 377 conlALlUM.
2194 330 2297 379 213

295 490 392 523 sua
441 472 610 542 magis
668 473 726 525 in
784 474 886 527 viri
943 477 1180 530 tenebris
1237 478 1482 532 elucebat
1533 479 1760 532 claritas,
1861 478 2151 550 Tyrannus
2193 481 2300 547 hic,

295 575 416 608 cum
464 575 564 610 nec
605 559 788 611 uxoris
841 560 1000 613 bonae
1045 562 1269 615 consilio
1310 582 1410 616 nec
1455 563 1895 634 castigationibus
1934 564 2302 635 adquiesceret

294 642 558 695 Lodovici
583 644 828 712 piissimi,
856 648 1278 716 comprehensus
1305 658 1390 701 est
1414 649 1480 701 ab
1506 649 1645 718 ipso,
1682 651 2068 720 confessusque
2092 651 2301 719 judica-

297 736 386 779 tus
414 738 467 780 et
494 729 688 781 ductus
715 730 783 781 ad
808 731 1130 799 patibulum.
1206 734 1282 785 Et
1307 753 1430 787 ecce
1455 735 1599 787 bona
1624 735 1805 805 virago
1828 736 1893 787 de
1915 755 2018 805 qua
2036 737 2302 806 superius,

296 831 433 865 uxor
459 814 594 882 ejuS,
619 813 745 865 licet
769 816 1004 884 gravida,
1030 816 1156 869 licet
1186 818 1343 887 juxta
1383 827 1617 889 parturn,
1645 820 1793 872 omni
1838 829 2019 890 spreto
2064 821 2301 890 periculo

298 907 410 950 tam
430 898 543 966 jam
569 898 678 950 fere
704 899 962 967 parientis
982 901 1120 953 uteri
1142 920 1302 971 quam
1322 903 1494 972 parati
1519 911 1725 973 partUS,
1751 904 1980 973 pedibus
2006 905 2082 974 pii
2102 906 2300 974 judicis

299 984 624 1049 advolvitur,
666 984 1019 1055 lachrymosis
1066 996 1252 1040 exorat
1294 989 1715 1042 misericordiam
1752 990 2068 1055 ululatibUS,
2111 999 2166 1043 et
2202 1010 2300 1061 pro

298 1072 454 1121 famae
497 1087 608 1121 suae
650 1071 951 1123 reverentia
993 1082 1226 1141 perorat,
1252 1082 1308 1126 et
1345 1093 1505 1144 quern
1542 1094 1654 1127 non
1687 1084 1862 1128 castra
1887 1085 2167 1130 moverent
2191 1096 2303 1130 non

297 1157 537 1209 flecteret
553 1174 742 1207 aurum
756 1157 995 1225 judicem
1006 1159 1262 1228 frangunt
1279 1160 1619 1230 lachrymosa
1639 1162 1888 1231 suspiria,
1899 1170 2158 1232 tantoque
2175 1182 2304 1216 con-

300 1242 534 1311 spectior
558 1242 780 1293 emicuit
817 1244 1016 1295 oratrix
1043 1245 1187 1313 quod
1220 1246 1334 1315 jam
1358 1246 1542 1311 libera,
1563 1247 1675 1317 jam
1702 1266 1732 1298 a
1767 1249 2045 1317 pestilenti
2072 1259 2302 1319 tyranno

301 1329 494 1391 soluta,
513 1345 613 1397 pro
631 1327 737 1379 fide
757 1328 901 1380 thori
926 1330 1117 1382 vinciri
1152 1331 1326 1384 voluit
1351 1332 1565 1386 iterum.
1635 1333 1888 1405 Cumque
1916 1336 2182 1388 solutione
2210 1355 2307 1388 sua

297 1414 451 1466 fieret
475 1413 531 1465 in
560 1414 850 1467 solitudine
876 1415 1020 1480 felix,
1047 1435 1158 1468 non
1191 1418 1457 1486 jacturam
1495 1419 1775 1485 libertatis,
1801 1439 1911 1473 non
1939 1422 2096 1473 taedia
2141 1422 2305 1475 servi-

299 1501 450 1566 tutis,
471 1519 581 1552 non
603 1519 777 1570 poenae
804 1510 998 1571 pensat
1022 1503 1432 1569 immanitatem,
1460 1524 1559 1558 nec
1585 1506 1826 1574 pristinis
1854 1508 1986 1560 caedi
2012 1508 2305 1577 scorpioni-

304 1587 425 1651 bus,
451 1605 552 1639 nec
595 1587 652 1638 in
696 1586 904 1656 flagella
946 1588 1113 1640 relabi
1152 1598 1383 1654 veretur,
1410 1599 1539 1643 totae
1583 1599 1755 1644 totam
1798 1593 1924 1644 fidei
1963 1594 2304 1646 serenitatem

304 1674 531 1726 sollicite
576 1681 775 1726 secuta.
850 1675 1149 1727 Reducitur
1185 1695 1310 1746 ergo
1353 1696 1584 1747 nequam
1623 1697 1653 1729 a
1688 1678 1952 1748 supplicio
1984 1680 2197 1732 vinctus
2237 1681 2305 1732 ad

300 1759 579 1828 palatium,
607 1767 662 1811 et
699 1778 768 1811 ne
806 1778 1028 1829 prorsus
1063 1761 1347 1813 inconfusa
1371 1763 1456 1814 vel
1483 1763 1854 1832 irreprehensa
1880 1764 2126 1816 videatur
2151 1766 2306 1818 mali-

300 1845 393 1910 tia,
418 1845 506 1897 vel
544 1845 751 1915 integre
792 1846 1049 1914 glorietur
1091 1847 1276 1911 illaesa,
1322 1848 1482 1918 jubet
1524 1849 1816 1900 auriculam
1866 1850 1982 1918 ejus
2033 1851 2305 1903 dexteram

300 1929 526 1983 resecari
559 1947 672 1981 rex,
774 1930 900 1983 Hoc
932 1939 1112 1983 autem
1140 1932 1354 1984 videtur
1378 1932 1618 1985 notabile
1644 1933 1967 2003 prodigium,
1994 1935 2138 2003 quod
2171 1935 2308 1988 infra

302 2016 445 2067 diem
484 2024 735 2084 quartum
776 2024 903 2085 post
939 2025 1100 2069 natus
1137 2026 1221 2070 est
1247 2037 1313 2070 ex
1338 2019 1427 2070 illa
1461 2018 1760 2072 liberatrice
1789 2038 1887 2071 sua
1911 2027 2140 2090 tyranno
2166 2021 2307 2074 filius

303 2102 522 2153 dextera
567 2119 752 2152 carens
780 2102 1034 2156 auricula.
1112 2103 1304 2156 Minus
1346 2112 1490 2156 esset
1530 2112 1845 2174 portentum
1891 2106 1935 2156 si
1974 2114 2101 2175 post
2142 2108 2308 2176 patris

303 2186 660 2239 abscisionem
687 2187 880 2246 fuisset
904 2188 1137 2256 genituS,
1165 2190 1260 2241 sed
1286 2190 1433 2259 quod
1457 2190 1570 2258 jam
1597 2190 1753 2242 vivus
1780 2192 1836 2242 in
1863 2199 2017 2243 utero
2044 2192 2307 2262 pleneque

302 2276 565 2325 formatus
606 2274 959 2342 postmodum
997 2281 1222 2326 truncus
1268 2276 1519 2345 apparuit
1566 2276 1872 2328 fortissimae
1918 2277 2307 2346 compassionis

306 2359 519 2428 signum
546 2367 645 2412 est.

382 2444 519 2495 Haec
538 2462 646 2494 una
670 2443 935 2512 pietatum
958 2443 1237 2496 Ludowici
1256 2443 1359 2495 fuit
1379 2466 1393 2508 3
1433 2444 1597 2495 altera
1618 2462 1735 2513 quae
1757 2443 1998 2512 sequitur
2017 2451 2100 2495 est
2119 2444 2306 2513 hujus-

307 2531 473 2583 modi.
544 2530 884 2582 Waleranius
921 2529 989 2581 ab
1031 2530 1200 2582 Effria
1243 2530 1397 2582 miles
1436 2538 1554 2582 erat
1578 2530 1877 2594 illiteratus,
1899 2531 2306 2599 jocundissimae

310 2623 492 2667 tamen
526 2616 810 2680 facundiae,
844 2615 1062 2684 regique
1105 2622 1270 2667 notus
1316 2622 1371 2666 et
1414 2632 1599 2678 carus3
1640 2622 1898 2683 erantque
1937 2614 2046 2683 regi
2073 2615 2306 2667 ministri

307 2710 436 2768 treS,
481 2703 573 2772 qui
617 2703 720 2755 toti
766 2702 1004 2755 Franciae
1044 2708 1326 2771 praeerant,
1369 2700 1622 2752 Galterus
1661 2700 1998 2764 camerariUS,
2025 2701 2306 2753 Bucardus

307 2790 568 2853 mOIOSUS,
595 2790 740 2859 quod
781 2796 865 2841 est
905 2788 1111 2841 Gallice
1137 2794 1375 2851 neantur,
1401 2787 1726 2838 Willielmus
1755 2787 1821 2838 de
1850 2786 2073 2857 Gurney
2097 2776 2308 2857 praepo-

311 2874 446 2925 situs
475 2873 871 2926 parisiacensis,
950 2872 1202 2924 Galterus
1230 2889 1417 2923 omnes
1444 2872 1553 2923 fere
1582 2870 1818 2923 Franciae
1834 2872 2041 2923 fructus
2061 2889 2159 2940 pro
2179 2880 2308 2924 voto

311 2959 555 3023 messuit,
578 2959 860 3011 Bucardus
899 2959 992 3028 qui
1019 2958 1236 3010 suberat
1261 2957 1580 3027 aliquantOS,
1607 2957 1932 3010 Willielmus
1959 2957 2158 3022 null08,
2195 2957 2304 3011 Lo-

311 3044 533 3097 dovicus
561 3062 671 3112 prae
699 3043 1042 3112 simplicitate
1070 3061 1166 3094 sua
1192 3060 1327 3111 quos
1371 3042 1449 3095 illi
1488 3042 1891 3111 permittebant.
1967 3042 2307 3095 Waleranius

309 3132 424 3182 haec
457 3130 664 3193 videnS,
693 3129 973 3198 sciensque
1015 3128 1144 3197 quid
1190 3136 1449 3195 ageretur,
1476 3136 1531 3180 et
1556 3128 1743 3180 dolens
1770 3146 1865 3197 per
1904 3146 2180 3180 servorum
2210 3147 2308 3198 po·

309 3223 562 3269 testatem
602 3223 712 3266 tam
757 3214 1013 3265 immania
1055 3213 1172 3266 fisci
1218 3213 1540 3266 detrimenta
1583 3213 1716 3278 fieri,
1742 3232 1957 3267 carmen
1996 3213 2124 3267 inde
2164 3232 2310 3267 com-

310 3302 496 3373 posuit
520 3301 705 3369 lingua
733 3299 940 3352 Gallica
965 3298 1143 3352 verbis
1170 3298 1226 3351 in
1252 3298 1372 3350 istis
1395 3319 1408 3350 ς
