2638 3860
388 390 484 436 164
1089 391 1394 429 GuAm‘Em
1437 388 1636 425 MAPEs
2045 387 2241 439 [Distinc.
2265 386 2340 425 IV.

384 524 566 576 ulcisci
595 523 784 591 satagit
809 520 1139 590 episcopum,
1166 517 1310 586 quod
1337 515 1528 567 delicta
1554 531 1664 565 non
1691 511 1885 563 metuit
1910 520 1964 563 et
1984 513 2162 581 jurata
2186 530 2370 581 repos-

384 628 516 662 cere.
592 609 840 677 Perjurus
866 607 1029 674 igitur
1054 612 1108 657 et
1135 621 1190 654 se
1219 603 1392 672 priore
1420 601 1587 670 pejor,
1613 600 1665 649 in
1699 598 1976 649 Christum
2003 605 2058 649 et
2088 599 2141 649 in
2170 598 2370 651 electos

383 696 498 762 ejus
542 693 781 760 insurgit.
874 692 1130 743 Attamen
1171 687 1455 757 aliquando
1499 685 1635 753 signi
1680 701 1886 735 memor
1930 691 1986 734 et
2024 684 2150 736 vitae
2193 684 2370 737 brevis

384 777 724 829 devotissime
752 776 1034 845 supplicat,
1051 784 1106 826 et
1124 773 1423 836 exauditur,
1446 779 1500 823 et-
1526 771 1743 839 pejerat.
1797 769 1940 819 Tum
1961 769 2105 820 enim
2133 788 2190 821 se
2209 771 2372 823 morti

383 861 685 931 proximum
711 861 881 925 timet,
908 869 1025 912 tum
1053 859 1155 911 sibi
1196 859 1315 910 vitae
1343 857 1471 909 satis
1512 872 1792 923 superesse
1834 854 2093 905 ment-itur
2132 863 2371 906 contem-

384 946 615 1015 platione
643 946 914 1015 signorum
943 944 1299 1015 sequentium,
1326 943 1495 994 donec
1520 942 1608 992 ille
1635 941 1787 1009 cujus
1814 947 1897 992 est
1917 940 2175 993 custodiae
2203 941 2370 1010 depu-

384 1038 526 1081 tatus
568 1030 615 1081 ei
657 1029 848 1098 sagitta
878 1048 1037 1097 quam
1078 1046 1212 1098 puer
1244 1028 1455 1079 inanem
1503 1044 1631 1077 casu
1671 1024 1920 1076 emiserat
1960 1024 2175 1076 oculum
2216 1026 2373 1078 eruit.

383 1114 573 1165 Verius
622 1114 783 1183 igitur
834 1123 1032 1166 terrore
1075 1114 1210 1183 signi
1251 1111 1489 1175 secundi,
1540 1111 1665 1162 licet
1704 1109 1759 1160 in
1810 1109 2041 1173 modicO,
2085 1110 2373 1179 poenitenS,

383 1200 607 1251 festinus
634 1201 699 1251 ad
739 1200 1054 1269 episcopum
1093 1199 1360 1262 convolat,
1399 1206 1454 1249 et
1492 1195 1704 1248 miseria
1741 1195 1979 1247 vulneris
2018 1195 2211 1248 inflicti
2244 1202 2372 1265 post

386 1293 465 1337 tot
513 1286 743 1354 perjuria
793 1294 1024 1337 meretur
1073 1285 1301 1337 admitti.
1377 1284 1483 1336 Sed
1546 1281 1728 1334 statim
1789 1282 2127 1333 decrescente
2190 1282 2373 1334 dolore

385 1371 636 1435 vulneriS,
680 1372 868 1424 crescit
915 1390 1063 1423 amor
1104 1371 1419 1441 iniquitatiS,
1466 1370 1609 1421 unde
1650 1377 1761 1421 tam
1803 1387 1944 1437 saepe
1987 1386 2104 1420 sese
2146 1368 2377 1421 deterior

386 1456 553 1507 totius
580 1457 813 1508 ecclesioe
839 1475 1036 1508 nausea
1060 1456 1122 1508 fit
1147 1463 1202 1507 et
1235 1454 1421 1524 populi
1453 1461 1813 1522 contemthS.
1889 1453 2092 1522 Adjicit
2116 1470 2242 1522 ergo
2267 1461 2376 1506 ter-

386 1543 514 1592 tiam
556 1560 706 1593 suam
759 1543 896 1611 Olga
936 1543 1021 1594 cui
1065 1542 1293 1594 traditus
1338 1550 1421 1591 est
1469 1548 1524 1591 et
1572 1539 1816 1590 ultimam
1873 1539 2099 1608 AEgypti
2145 1540 2375 1608 plagam,

387 1627 725 1695 primogeniti
753 1628 834 1678 sui
866 1635 975 1678 tam
1001 1628 1156 1679 unice
1177 1625 1279 1678 sibi
1304 1624 1563 1677 carissimi
1582 1632 1912 1687 mortem,fut
1929 1643 2025 1675 sua
2043 1633 2171 1693 post
2194 1625 2374 1694 ipsum

389 1711 489 1761 sibi
515 1729 636 1762 vere
661 1710 770 1763 vita
794 1711 1030 1763 vilescat.
1108 1710 1361 1762 Funereis
1387 1709 1549 1778 igitur
1578 1708 1799 1761 indutus
1838 1708 1894 1759 in
1934 1709 2074 1760 lecto
2102 1709 2294 1761 cineris
2321 1719 2375 1763 et

391 1796 543 1848 cilicii
584 1797 874 1860 decumbit,
919 1807 1029 1848 tam
1073 1796 1349 1848 verissime
1389 1794 1677 1864 poenitenS,
1712 1802 1822 1844 tam
1866 1793 2011 1845 fideli
2056 1794 2378 1848 contritione

391 1882 738 1933 miserrimam
767 1883 1004 1951 affiigens
1037 1883 1287 1945 animam,
1325 1889 1387 1931 ut
1410 1880 1548 1931 infra
1574 1878 1845 1930 modicum
1871 1879 2129 1948 temporis
2156 1880 2380 1933 firmiter

390 1967 589 2018 haereat
614 1968 826 2019 ossibus
853 1976 1126 2020 attenuata
1152 1967 1306 2031 cutiS,
1326 1976 1379 2018 et
1403 1965 1494 2017 vix
1531 1966 1587 2016 in
1626 1982 1846 2033 corpore
1873 1965 2091 2033 spiritus
2117 1973 2380 2018 teneatur.

390 2050 425 2101 J
430 2068 515 2100 am
541 2050 587 2100 ei
615 2051 750 2102 serio
776 2051 899 2103 licet
925 2070 1042 2103 sero
1068 2051 1384 2120 poenitentia
1409 2050 1600 2118 placet,
1628 2049 1695 2100 ad
1722 2067 1909 2100 omnes
1935 2057 2188 2118 properat
2218 2069 2379 2119 quos-

393 2151 602 2202 cunque
630 2134 1019 2199 molestaverat,
1046 2144 1102 2187 et
1126 2143 1188 2186 ut
1213 2143 1325 2186 erat
1350 2150 1635 2202 persuasor
1669 2132 2069 2184 efficacissimus
2097 2151 2284 2185 omnes
2311 2137 2379 2187 ad

392 2219 804 2270 misericordiam
834 2221 916 2271 sui
943 2221 1109 2272 flectit
1134 2228 1243 2271 tam
1279 2219 1582 2288 eloquentia
1620 2218 1870 2287 singulari
1911 2237 2071 2288 quam
2099 2221 2381 2273 manifesta

393 2303 617 2356 miseria.
697 2305 906 2358 Quibus
934 2306 1185 2357 omnibus
1220 2306 1506 2358 comitatus
1547 2323 1669 2357 cum
1712 2323 1875 2356 manu
1915 2305 2149 2357 maxima
2190 2306 2381 2358 Belva-

395 2406 515 2439 cum
556 2388 726 2456 petiit,
759 2389 1069 2458 episcopum
1106 2398 1256 2442 extra
1297 2408 1477 2442 muros
1504 2389 1710 2442 invenit
1752 2389 1820 2441 ad
1858 2408 2048 2459 rogum
2088 2391 2383 2444 maximum

395 2490 550 2540 quem
578 2472 926 2525 incenderant
945 2474 1153 2542 judices
1180 2474 1411 2526 civitatis
1439 2482 1500 2525 ut
1525 2473 1883 2542 phitonissam
1909 2474 2240 2543 injicerent*

466 2558 724 2626 Agnoscit
762 2577 881 2610 eum
923 2578 954 2610 a
990 2560 1146 2628 longe
1191 2560 1451 2628 pontifex,
1484 2567 1539 2611 et
1578 2560 1981 2630 horripilatione
2020 2560 2211 2629 frigida
2235 2567 2382 2614 totus

396 2641 694 2709 obrigescit.
771 2642 989 2694 Claudit
1033 2643 1100 2695 ab
1139 2661 1203 2695 eo
1248 2643 1451 2695 viscera
1491 2662 1560 2696 ne
1600 2645 1914 2698 misereatur
1942 2645 2078 2713 erS,
2102 2645 2384 2715 firmatque

396 2726 495 2778 sibi
522 2745 612 2778 cor
638 2745 704 2778 ne
731 2728 1006 2779 medeatur
1026 2728 1270 2792 infirm03
1311 2728 1499 2780 statuit
1514 2728 1711 2781 obnixe
1738 2748 1808 2782 ne
1829 2730 2112 2781 deludatur
2137 2731 2384 2799 amplius,

398 2820 451 2862 et
476 2819 622 2863 totus
650 2812 956 2864 obdurescit
980 2814 1035 2863 in
1063 2813 1361 2883 chalybem.
1399 2815 1573 2865 Adest
1597 2815 1685 2867 ille
1713 2815 1871 2867 solito
1893 2816 2072 2867 mitior
2092 2823 2147 2868 et
2173 2826 2385 2885 sperato
2412 2814 2418 2821 ’

398 2897 626 2948 multum
646 2897 915 2962 humilior,
933 2917 1042 2950 non
1065 2899 1244 2950 minus
1266 2899 1582 2951 miserabilis
1603 2918 1698 2968 per
1713 2900 2010 2970 lachrymas
2033 2901 2172 2953 oculi
2191 2904 2387 2954 retenti

398 2999 555 3048 quam
571 2999 667 3049 per
687 2982 949 3050 jacturam
971 2981 1139 3046 eruti3
1173 2982 1400 3051 pedibus
1422 2983 1660 3052 episcopi
1685 2984 2019 3053 provolvitur
2036 2993 2159 3037 ante
2179 3003 2387 3055 rogum,

399 3084 495 3133 pro
525 3085 629 3135 quo
672 3086 793 3118 cum
832 3086 956 3119 vera
997 3068 1187 3120 merito
1231 3068 1462 3121 debeant
1503 3087 1749 3138 perorare
1793 3071 2045 3136 lamenta,
2085 3071 2388 3141 principum
2434 3143 2438 3145 Α

450 3218 474 3244 *
502 3221 601 3259 This
620 3222 654 3260 is
674 3235 697 3260 a
716 3235 811 3273 very
831 3224 941 3274 early
959 3224 1142 3262 instance
1163 3223 1209 3261 of
1232 3223 1357 3262 burn-
1416 3226 1443 3245 ‘⁴
1462 3224 1549 3263 The
1569 3224 1837 3276 Proceedings
1856 3226 2013 3277 against
2032 3227 2146 3266 Alice
2168 3227 2384 3278 Kyteler‚''

400 3287 469 3335 ing
483 3287 544 3324 for
557 3289 793 3327 witchcraft.
845 3291 918 3328 See
932 3303 1042 3329 some
1056 3291 1234 3329 remarks
1250 3304 1360 3342 upon
1416 3293 1632 3342 published
1650 3293 1705 3344 by
1725 3294 1792 3333 the
1813 3293 1992 3334 Camden
2015 3295 2190 3346 Society.

400 3355 479 3392 this
499 3354 657 3393 carious
678 3356 832 3405 subject
861 3358 901 3395 in
930 3358 1000 3396 the
1019 3358 1297 3397 introduction
1317 3363 1360 3396 to
