2638 3860
277 361 378 413 cap.
401 361 460 412 v.]
958 364 1035 398 Dm
1081 364 1260 400 sums
1303 365 1676 401 GURIALIUM.
2150 352 2251 410 217

252 501 459 553 sionem
486 502 799 555 clericorum
825 504 882 555 in
909 504 1277 574 rogationibus
1303 506 1518 572 invasit,
1539 515 1595 560 et
1620 507 1868 560 clericum
1896 507 2021 559 inde
2042 514 2254 576 raptum

250 587 307 638 in
336 588 600 640 sentinam
630 590 821 641 domus
849 609 960 642 suae
985 592 1231 661 projecit,
1277 592 1401 662 quia
1439 593 1611 645 filium
1644 612 1802 645 suum
1828 593 2004 662 lapide
2029 594 2255 645 laeserat.

255 673 417 726 Quod
437 682 500 724 ut
526 675 635 743 regi
660 675 898 727 innotuit
925 675 1252 741 Christiano,
1273 678 1310 730 J
1313 671 1529 730 udaeum
1555 678 1611 729 in
1638 696 1827 747 rogum
1853 677 2108 747 praecepit
2134 696 2257 746 pro-

247 759 359 827 jici.
436 760 590 811 Nihil
628 760 676 811 ei
719 762 1062 830 profecerunt
1101 771 1195 815 aut
1234 763 1401 815 totius
1435 764 1673 816 Franciae
1716 782 1918 833 preceS,
1957 773 2050 826 aut
2077 763 2257 815 omnia

254 845 292 898 J
296 845 469 898 udaici
495 847 683 916 populi
709 847 855 899 milia
894 848 1239 902 talentorum.
1303 850 1688 919 Respondebat
1713 859 1893 902 autem
1918 850 2175 902 flentibus
2202 857 2258 902 et

253 932 564 1000 petentibus
610 952 722 997 rex,
764 935 958 986 “Volo
998 935 1169 987 sciant
1193 936 1373 988 Judaei
1411 955 1570 988 canes
1602 955 1632 988 a
1661 935 2092 988 Christianorum
2132 954 2256 1005 pro-
2309 928 2311 930 ¹

254 1019 590 1072 cessionibus
611 1021 922 1073 arcendOS.''
963 1022 1097 1074 Haec
1112 1023 1248 1074 forte
1268 1023 1457 1075 frivola
1474 1030 1602 1074 sunt
1618 1031 1672 1075 et
1689 1023 1894 1091 magnis
1911 1023 2093 1092 inepta
2112 1022 2258 1092 pagi-

256 1103 359 1167 niS‚
382 1106 476 1156 sed
502 1106 636 1157 meis
664 1106 792 1158 satis
820 1114 945 1175 apta
965 1115 1092 1158 sunt
1113 1107 1401 1171 schedulis,
1429 1108 1664 1176 mihique
1689 1107 1942 1160 videntur
1969 1108 2108 1176 stylo
2136 1125 2257 1159 meo

258 1190 480 1259 majora.
543 1191 642 1242 Me
658 1199 923 1260 praesente
947 1191 1198 1255 Parisius,
1226 1200 1405 1244 ortum
1425 1200 1509 1244 est
1523 1193 1664 1245 inter
1687 1194 1906 1245 clericos
1933 1201 1987 1245 et
2011 1193 2174 1245 laicos
2199 1193 2257 1244 in

258 1276 395 1344 regis
422 1277 584 1345 hujus
619 1276 765 1329 curia
807 1295 1067 1341 murmur,
1112 1286 1167 1330 et
1208 1278 1435 1330 invaluit
1467 1279 1679 1344 seditio,
1715 1280 1940 1349 laicique
1966 1279 2260 1348 praevalue-

257 1370 402 1426 runt,
423 1370 478 1414 et
498 1363 811 1415 clericorum
828 1363 1089 1432 plurimos
1110 1364 1166 1416 in
1183 1365 1379 1434 pugnis
1406 1374 1460 1417 et
1480 1366 1715 1418 fustibus
1735 1367 1864 1418 dure
1890 1365 2260 1429 visitaverunt,

260 1455 315 1498 et
358 1450 516 1518 regiae
565 1450 766 1502 conscii
795 1451 1022 1519 justitiae
1059 1452 1313 1520 fugerunt
1345 1453 1414 1504 ad
1449 1452 1686 1505 latibula.
1762 1453 2131 1505 Veruntamen
2165 1470 2260 1503 rex

260 1535 466 1586 audivit
510 1535 797 1587 clamorem
823 1554 1137 1605 pauperum,
1163 1536 1314 1588 venit
1348 1546 1399 1588 et
1431 1536 1831 1606 pauperrimum
1858 1537 2064 1589 invenit
2088 1537 2260 1589 modi-

261 1638 490 1691 cumque
534 1641 762 1691 puerum
800 1623 858 1674 in
902 1641 1072 1692 cappa
1112 1623 1279 1692 nigra,
1318 1642 1515 1676 corona
1561 1624 1727 1676 fracta
1773 1623 2261 1693 sanguinolentum,

260 1715 314 1758 et
340 1707 407 1758 ab
434 1708 553 1776 ipso
574 1707 821 1776 quaesivit
847 1708 966 1777 quis
991 1708 1113 1772 hoc,
1133 1716 1189 1760 et
1214 1709 1453 1761 ostendit
1472 1709 1521 1761 ei
1546 1727 1680 1779 puer
1706 1710 2020 1779 magistrum
2047 1709 2265 1761 cubicu-

259 1794 511 1844 lariorum
551 1794 764 1862 reginae,
816 1794 940 1862 quia
980 1812 1153 1863 nuper
1194 1795 1419 1846 duxerat
1463 1795 1601 1864 regis
1643 1795 2014 1864 Hispanorum
2052 1795 2268 1858 filiam,*

261 1878 352 1947 qui
377 1896 473 1946 per
501 1878 808 1947 superbiam
837 1879 1242 1948 majestatisque
1268 1879 1501 1948 propriae
1527 1880 1936 1949 persuasionem
1962 1898 2061 1932 nec
2086 1880 2267 1948 fugere

261 1966 512 2034 dignatus
540 1973 638 2031 est,
666 1984 767 2018 nec
806 1965 874 2016 ad
910 1965 1176 2017 rationem
1214 1966 1429 2035 positus
1472 1985 1697 2035 negare3
1736 1974 1951 2018 tantum
1988 1966 2270 2035 respondit

261 2069 490 2120 puerum
518 2052 566 2103 ei
607 2052 841 2103 convitia
868 2051 1087 2103 dixisse.
1153 2050 1360 2120 Captus
1388 2058 1472 2103 est
1496 2051 1662 2120 igitur
1681 2052 1839 2120 jussu
1864 2052 2028 2121 regio,
2053 2052 2267 2104 vinctus

265 2146 320 2189 et
345 2138 574 2188 eductus
601 2138 668 2189 ad
692 2138 811 2189 loca
836 2137 1221 2206 patibulorum.
1297 2137 1468 2188 Audit
1494 2145 1550 2188 et
1587 2138 1818 2189 attonita
1842 2138 1905 2189 fit
1924 2138 2049 2189 inde
2069 2138 2266 2206 regina,

263 2232 537 2292 properat,
564 2223 813 2287 occurrit,
854 2224 1161 2292 sparsisque
1189 2222 1426 2274 crinibus
1453 2223 1590 2291 regis
1625 2233 1709 2275 est
1744 2224 1995 2275 advoluta
2022 2223 2271 2292 pedibus,

250 2317 321 2361 ‘et
347 2309 507 2360 curiae
540 2317 657 2361 tota
683 2308 976 2360 multitudo
1003 2308 1283 2377 multoque
1324 2315 1520 2376 petunt
1559 2307 1768 2358 ululatu
1793 2307 2039 2371 veniam3
2079 2307 2271 2375 allegat

266 2396 682 2466 generositatem
715 2394 816 2445 viri
842 2401 897 2445 et
924 2393 1260 2463 sapientiam,
1288 2393 1432 2462 quod
1471 2400 1527 2444 et
1562 2393 1784 2444 tradidit
1810 2412 1933 2444 eum
1961 2401 2112 2461 pater
2139 2411 2268 2443 suus

269 2484 384 2553 ejus
412 2482 661 2534 manibus
688 2488 743 2533 et
768 2499 926 2544 curae,
959 2480 1262 2548 mirumque
1301 2478 1527 2548 contigit
1567 2479 1711 2547 quod
1752 2497 1875 2530 eum
1911 2478 2271 2531 misericordia

269 2577 511 2622 moveret
536 2569 598 2620 ad
640 2568 956 2638 lachrymas.
1021 2565 1391 2617 Nihilominus
1419 2583 1543 2617 eum
1578 2564 1752 2633 coegit
1777 2564 1839 2615 ad
1870 2564 2131 2616 ultionem
2152 2565 2271 2633 jus-

269 2655 404 2719 titia,
433 2672 759 2723 manumque
799 2654 1073 2705 dexteram
1113 2652 1162 2704 ei
1196 2652 1374 2720 jusset
1404 2649 1671 2720 amputari
1715 2669 1818 2719 qua
1856 2668 2109 2701 coronam
2150 2667 2270 2718 per-

272 2750 527 2794 cusserat.
605 2742 760 2793 Idem
804 2759 928 2792 cum
970 2740 1202 2791 Fontem
1246 2737 1434 2789 Blaadi
1451 2739 1483 2798 †
1518 2736 1771 2805 jussisset
1812 2735 1982 2787 excoli
2026 2734 2271 2804 cingique

272 2828 458 2891 muris,
485 2828 662 2879 locum
691 2827 1007 2890 maximum,
1033 2833 1247 2877 montes
1275 2831 1329 2875 et
1353 2822 1537 2886 valles,
1574 2822 1751 2873 fontes
1787 2829 1842 2873 et
1866 2839 2104 2884 nemora,
2143 2839 2273 2889 qua-

272 2913 419 2963 tinus
447 2911 522 2963 ibi
547 2912 884 2963 mansionem
914 2911 1025 2962 suis
1052 2910 1250 2962 faceret
1276 2907 1492 2970 delitiis,
1520 2905 1842 2958 constructis
1863 2905 1973 2974 jam
2004 2905 2273 2969 domibus,

272 2997 487 3050 vivariis
527 2996 681 3048 factis
721 3005 776 3047 et
814 2995 1000 3059 muriS,
1041 2994 1202 3046 fossis
1248 3001 1303 3045 et
1351 2991 1774 3062 aquaeductibuS‚
1819 2991 2052 3043 rusticus
2101 2991 2277 3043 incola

272 3084 435 3137 vicini
474 3083 573 3135 soli
599 3090 838 3150 quaestus
865 3090 949 3133 est
975 3080 1205 3149 aliquam
1233 3078 1343 3148 agri
1386 3078 1471 3129 sui
1511 3085 1718 3146 partem
1757 3077 1913 3145 regiis
1960 3085 2274 3146 occupatam

329 3178 353 3205 *
385 3178 511 3217 Louis
547 3177 651 3215 Vll.
683 3176 858 3214 married
896 3175 1139 3221 Constance,
1176 3173 1247 3211 the
1356 3174 1387 3218 †
1416 3171 1743 3211 Fontainebleau.
1800 3171 1897 3210 This
1912 3171 1946 3209 is
1964 3183 1989 3209 a
2008 3170 2135 3210 direct
2154 3175 2277 3210 state-

276 3248 474 3297 daughter
494 3244 537 3284 of
559 3244 730 3283 Alfonso
743 3243 888 3291 VIII.‚
906 3243 1007 3292 king
1021 3242 1067 3280 of
1083 3241 1249 3287 Castile,
1305 3246 1417 3279 ment
1437 3241 1524 3278 that
1543 3241 1611 3278 the
1640 3240 1776 3290 palace
1803 3239 1849 3277 of
1866 3239 2180 3279 Fontainebleau
2198 3253 2278 3279 was

273 3318 319 3355 in
340 3304 458 3362 1154,
484 3314 587 3352 after
614 3313 678 3351 his
709 3313 870 3351 divorce
890 3311 993 3350 from
1015 3310 1191 3349 Eleanor
1209 3309 1254 3348 of
1302 3308 1480 3348 founded
1513 3308 1568 3359 by
1588 3308 1714 3346 Louis
1732 3308 1770 3346 le
1789 3307 1815 3346 J
1818 3319 1935 3346 eune.
1996 3307 2036 3346 It
2054 3308 2172 3347 stood
2192 3309 2234 3346 in
2259 3321 2282 3347 a

279 3385 478 3423 Guienne.
1302 3376 1478 3426 hunting
1496 3376 1623 3415 forest
1644 3376 1690 3414 of
1705 3376 1774 3414 the
1796 3373 1945 3426 king's.

354 3469 541 3503 cAMD.
585 3466 706 3501 soc·
1901 3450 1930 3494 2
1962 3461 1993 3494 F
