2638 3860
350 356 451 407 Cap.
473 356 550 407 ἰὴ]
979 355 1056 389 DE
1098 354 1281 390 NUGIs
1324 354 1699 390 CURIALIUM.
2234 344 2334 390 129

318 495 546 565 impiger
572 494 916 565 exsequitur3
957 513 1135 564 regem
1161 514 1274 548 non
1314 495 1479 547 audet
1517 493 1750 564 aggredi,
1785 512 2015 564 puerum
2042 494 2250 547 invadit
2285 503 2340 548 et

318 582 494 633 modis
547 581 801 634 omnibus
856 582 1108 634 sollicitat
1158 581 1215 633 in
1276 581 1689 633 retributionem
1756 581 1925 633 totius
1988 581 2337 651 benignitatis

316 667 569 719 exhibitae
619 667 706 719 vel
755 666 1091 730 exhibendae,
1143 685 1266 719 cum
1317 666 1551 718 lacrimis
1607 673 1724 717 orat
1773 685 1919 718 nunc
1968 667 2144 736 primo
2196 667 2336 719 veris

314 753 576 805 honorem
602 754 749 805 hunc
777 752 878 804 sibi
903 753 1176 805 nesciente
1221 753 1369 805 Nino
1399 752 1647 804 conferri.
1726 752 1939 804 Primus
1981 754 2048 805 ad
2075 752 2337 806 carissimi

313 840 712 908 promotionem
738 838 953 891 nutricii
986 858 1122 909 puer
1165 839 1337 891 facilis
1380 838 1588 890 annuit.
1667 838 1853 890 Parius
1896 857 2021 909 ergo
2068 840 2152 892 die
2196 840 2336 892 festo

285 918 579 993 'palatium
628 923 916 993 egreditur,
963 943 1162 976 corona
1211 924 1373 994 regia,
1433 924 1695 988 vestibuS,
1742 933 1954 994 sceptro
2001 925 2238 978 solennis
2284 933 2339 978 et

313 1029 468 1080 equo,
544 1010 724 1062 Ninus
751 1009 1079 1062 eminentem
1106 1010 1269 1061 turris
1291 1009 1537 1062 ascendit
1563 1010 1764 1075 sedem,
1784 1019 1848 1062 ut
1874 1011 1939 1063 de
1965 1030 2132 1081 puero
2153 1011 2335 1064 videat

312 1097 457 1166 quod
482 1102 880 1165 procuraverat,
920 1102 975 1147 et
1014 1113 1136 1148 ecce
1180 1095 1367 1146 Parius
1403 1095 1460 1147 in
1498 1103 1657 1165 porta
1699 1096 2029 1166 proenobilis,
2065 1098 2132 1149 ad
2171 1117 2332 1168 quem

312 1182 556 1235 omnium
578 1181 718 1234 oculi
735 1199 939 1233 moram
958 1181 1102 1246 facit,
1125 1189 1186 1233 ut
1204 1181 1406 1233 diutius
1427 1190 1742 1252 expectatus
1761 1184 1999 1236 adventu
2017 1185 2332 1254 praefulgeat

315 1268 563 1337 digniori,
607 1268 1052 1337 majestatemque
1102 1286 1214 1319 non
1264 1268 1475 1320 minuat
1519 1269 1852 1338 praecipitata
1899 1270 2109 1323 levitaS.
2188 1271 2331 1324 Cum

308 1362 530 1423 repente
551 1354 767 1424 juvenis
795 1354 861 1406 ab
890 1354 1074 1406 abdito
1104 1355 1430 1407 subornatus
1477 1355 1650 1420 irruit,
1694 1363 1749 1408 et
1791 1355 2027 1425 indignae
2061 1358 2331 1427 majestati

300 1442 505 1510 justam
534 1449 589 1493 et
609 1441 817 1511 jussam
847 1441 1108 1493 exhibens
1134 1441 1555 1506 irreverentiam,
1596 1443 1664 1494 ad
1692 1441 1867 1495 cubile
1893 1451 2165 1496 tantarum
2206 1463 2332 1514 pro-

304 1527 570 1579 ditionum
599 1546 690 1579 cor
714 1527 949 1597 gladium
983 1527 1198 1596 premit,
1225 1535 1288 1579 ut
1332 1528 1460 1580 ferri
1500 1529 1764 1598 frigiditas
1794 1529 2037 1582 omnium
2064 1538 2330 1600 temperet

302 1613 575 1666 fornacem
601 1613 818 1665 irarum.
883 1613 1101 1665 Excidit
1128 1613 1354 1678 occisuS,
1382 1614 1637 1683 quoniam
1665 1614 1861 1667 occidit
1908 1634 2071 1685 super
2116 1615 2328 1669 iracun-

302 1697 445 1749 diam
472 1699 588 1767 ejus
617 1698 720 1763 sol;
742 1698 958 1767 juvenis
981 1698 1190 1767 asylum
1219 1698 1383 1751 altare
1409 1699 1718 1768 proximum
1745 1699 1899 1768 petit,
1927 1700 2324 1771 accurrit-urbis

298 1784 638 1849 universitaS,
665 1791 719 1836 et
741 1785 855 1853 jam
881 1802 991 1836 non
1019 1802 1264 1835 murmur
1287 1784 1573 1836 hominum
1602 1785 1697 1836 sed
1724 1786 1996 1837 tumultus
2024 1794 2125 1839 est.
2202 1788 2324 1839 Rex

299 1878 589 1922 autumans
628 1889 861 1940 puerum
890 1889 1009 1923 esse
1053 1870 1145 1940 qui
1182 1870 1471 1940 plangitur,
1514 1889 1625 1923 suae
1650 1871 1832 1924 videre
1860 1871 2011 1924 venit
2050 1880 2323 1926 auctorem

296 1955 531 2026 injuriae,
587 1956 804 2008 Parium
850 1956 1092 2026 agnoscit
1131 1965 1407 2009 mortuum
1458 1965 1513 2009 et
1556 1975 1787 2027 puerum
1825 1957 2227 2011 immorientem
2273 1959 2322 2011 ei

296 2042 465 2106 videt,
493 2042 865 2095 dulcissimum
908 2043 1252 2095 invocantem
1278 2044 1419 2095 inter
1442 2044 1680 2096 lamenta
1723 2044 2042 2114 magistrum
2083 2045 2320 2098 crinibus

297 2127 496 2179 avulsis
514 2135 569 2179 et
593 2136 812 2196 pectore
834 2135 1018 2193 tunso,
1039 2128 1340 2180 fidelissimi
1358 2129 1705 2198 plangentem
1727 2129 2059 2199 diligentiam
2086 2131 2319 2183 nutricii.

295 2213 564 2265 Delusum
605 2232 662 2266 se
702 2214 832 2266 dicit
874 2222 937 2265 ut
970 2214 1119 2266 videt
1159 2215 1340 2266 Ninus
1374 2234 1436 2267 ac
1461 2216 1685 2268 modum
1723 2216 1964 2285 ignorat3
2018 2217 2314 2269 thalamum

293 2299 517 2351 interius
557 2308 779 2352 evocato
820 2318 1059 2352 seorsum
1103 2319 1133 2351 a
1166 2300 1340 2352 turbis
1379 2319 1550 2370 puero
1591 2301 1847 2353 secretius
1880 2302 2062 2367 intrat,
2088 2321 2222 2371 puer
2248 2321 2315 2354 ex

293 2385 536 2438 doctrina
563 2386 819 2450 defuncti,
847 2386 1081 2438 demisso
1109 2387 1300 2456 capite,
1340 2406 1562 2439 manum
1601 2387 1680 2439 ori
1717 2406 2058 2457 praeponenS,
2084 2389 2140 2439 in
2165 2389 2314 2458 geni-

290 2471 393 2523 bus
420 2479 576 2524 astat.
654 2474 771 2524 Rex
796 2472 926 2524 item
953 2472 1121 2524 iratus
1148 2481 1203 2542 et
1228 2474 1389 2525 aliam
1417 2473 1466 2525 ei
1487 2474 1599 2543 jam
1628 2481 1859 2526 mortem
1886 2474 1939 2525 in
1968 2474 2147 2526 animo
2174 2493 2311 2543 prae-

289 2576 502 2627 parans,
545 2559 739 2628 inquit,
785 2562 820 2587 ‘⁶
844 2559 988 2612 Quid
1017 2578 1150 2612 naso
1178 2560 1700 2630 manum'apponis?
1762 2560 2054 2614 Quomodo
2080 2561 2178 2613 tibi
2207 2561 2309 2613 soli

289 2645 462 2697 factus
503 2665 624 2698 sum
666 2646 1042 2699 abominabilis
1066 2648 1082 2698 ?
1159 2647 1423 2716 Nunquid
1453 2647 1560 2699 oris
1588 2646 1694 2699 mei
1720 2654 1905 2699 tantus
1943 2655 2027 2699 est
2058 2648 2218 2700 foetor
2243 2656 2306 2700 ut

286 2731 536 2800 proprius
577 2733 826 2784 accedere
861 2751 1094 2802 nequeas
1115 2733 1175 2784 ?”
1254 2733 1411 2798 Puer,
1457 2737 1492 2764 ‘⁶
1515 2734 1693 2786 Immo
1729 2733 1853 2799 mei,
1893 2733 2128 2798 domine,
2157 2735 2302 2803 quod

285 2816 399 2868 vito
438 2836 506 2870 ne
546 2818 800 2870 sentiaS.”
900 2820 1036 2884 Rex,
1072 2818 1264 2873 “Quis
1303 2818 1404 2871 tibi
1454 2819 1765 2872 revelavit.”
1843 2819 2000 2884 Puer,
2041 2820 2302 2872 “Docuit

289 2920 376 2953 me
405 2902 609 2966 PariuS,
638 2921 798 2972 quem
838 2903 1053 2955 amabat
1095 2904 1271 2968 unice,
1316 2905 1461 2973 quod
1501 2924 1532 2957 a
1571 2923 1658 2957 me
1700 2906 2001 2958 celaverant
2043 2906 2298 2971 universi,

286 2987 488 3039 scilicet
513 2987 620 3039 oris
647 2988 754 3039 mei
779 2996 891 3039 tam
916 2989 1144 3040 nimium
1171 3007 1289 3041 esse
1326 2990 1591 3054 foetorem,
1625 2999 1688 3043 ut
1712 2991 1867 3044 vobis
1894 2992 2120 3044 molesta
2144 2992 2298 3046 fieret

279 3074 567 3143 praesentia
610 3092 728 3126 mea
749 3094 764 3138 3
821 3074 948 3126 hinc
987 3075 1118 3126 mihi
1155 3075 1378 3144 propius
1440 3077 1756 3129 attendendi
1798 3077 2152 3148 praesumptio
2198 3079 2291 3131 de-

281 3160 441 3229 periit
455 3180 470 3224 3
522 3159 649 3212 hinc
700 3160 833 3211 mihi
876 3179 1088 3230 semper
1130 3180 1309 3213 coram
1354 3163 1599 3214 anhelitu
1643 3183 1763 3216 meo
1809 3183 2018 3230 manuS,
2063 3183 2131 3217 ne
2173 3185 2294 3219 mea

279 3245 435 3298 vobis
461 3246 751 3315 inportuna
778 3246 848 3298 sit
879 3246 1109 3311 foeditas,
1136 3254 1191 3299 et
1228 3265 1349 3300 meo
1376 3248 1551 3317 possit
1588 3249 1754 3301 afflari
1777 3250 1910 3303 vitio
1938 3269 2124 3304 serena
2151 3270 2292 3304 sere-

279 3332 491 3384 nissimi
534 3332 719 3385 vultus
765 3331 928 3384 vestri
975 3331 1252 3385 sobrietas.
1331 3333 1395 3385 In
1442 3334 1851 3389 retributionem
1902 3344 2083 3389 autem
2126 3337 2289 3408 hujus

353 3436 540 3471 CAMD.
583 3436 705 3470 SOC.
1973 3442 1996 3475 S
