2638 3860
296 322 398 374 Cap.
419 322 502 373 iii.]
964 321 1041 354 nu
1072 320 1256 356 NUG1s
1287 320 1661 356 ccmAmtm.
2178 307 2275 353 145

270 460 432 526 mina,
473 479 590 531 quae
641 460 809 512 rarior
858 467 942 512 est
996 460 1264 530 phoenice,
1303 460 1470 512 amari
1524 478 1636 512 non
1698 465 1882 529 potest
1927 458 2043 511 sine
2088 456 2280 510 amari-

268 546 456 599 tudine
501 554 678 598 metus
742 554 797 598 et
848 546 1222 599 sollicitudinis
1281 554 1336 599 et
1388 545 1682 616 frequentis
1736 545 2035 598 infortunii.
2113 543 2277 596 Malae

266 648 410 695 vero,
457 650 682 700 quarum
733 639 845 683 tam
896 631 1115 700 copiosa
1166 638 1294 683 sunt
1356 631 1601 683 examina
1658 638 1722 682 ut
1773 631 1954 682 nullus
2004 629 2155 682 locus
2209 628 2279 680 sit

268 734 458 786 expers
480 718 825 788 malignitatis
853 736 1053 782 earum,
1074 737 1198 770 cum
1224 726 1473 770 amantur
1498 735 1674 770 amare
1701 719 2006 787 pungunt,*
2034 724 2089 768 et
2114 715 2277 767 afflic-

269 803 405 854 tioni
421 810 616 855 vacant
634 821 808 872 usque
825 803 893 854 ad
919 802 1238 855 divisionem
1266 802 1505 872 corporis
1526 810 1581 855 et
1601 802 1876 872 spiritUS.†
1916 801 2122 865 Amice,
2139 799 2277 853 ethi-

270 907 392 940 cum
420 897 519 953 est,
539 889 721 941 videto
749 888 835 941 cui
863 889 956 940 des
966 910 982 953 3
1011 888 1249 941 ethicum
1270 896 1370 953 est,
1389 889 1572 941 videto
1600 889 1687 941 cui
1712 889 1903 955 fides.‡
1944 888 2156 940 Vexilla
2175 905 2276 957 pu·

271 973 467 1027 dicitiae
494 975 735 1026 tulerunt
761 992 884 1026 cum
913 973 1126 1025 Sabinis
1154 973 1406 1025 Lucretia
1431 980 1488 1025 et
1514 973 1804 1042 Penelope,
1831 980 1886 1025 et
1909 972 2274 1042 parvissimo§

268 1060 529 1112 comitatu
546 1061 788 1129 trophaea
804 1053 1121 1112 retulerunt.
1162 1059 1369 1123 Amice,
1386 1059 1533 1110 nulla
1553 1065 1638 1111 est
1654 1059 1923 1124 Lucretia,
1940 1060 2088 1111 nulla
2107 1060 2278 1111 Pene-

267 1145 410 1213 lope,
437 1145 584 1196 nulla
618 1144 818 1196 Sabina
835 1164 849 1208 3
890 1161 1079 1195 omnes
1105 1143 1253 1195 time.
1331 1143 1597 1212 Ingressae
1625 1150 1756 1195 sunt
1785 1143 1925 1196 acies
1951 1144 2008 1195 in
2049 1142 2275 1196 Sabinas

269 1230 445 1299 Scylla
471 1229 595 1282 Nisi
616 1237 671 1282 et
699 1230 926 1299 Myrrha
954 1229 1183 1293 Cinarae,
1202 1235 1258 1281 et
1279 1236 1476 1281 secutae
1500 1236 1628 1280 sunt
1648 1247 1737 1281 eas
1765 1230 1938 1282 turbae
1955 1229 2140 1281 multae
2161 1247 2277 1281 om-

266 1316 419 1367 nium
445 1316 699 1368 vitiorum
729 1315 968 1368 exercitu
994 1316 1224 1385 stipatae,
1251 1322 1315 1367 ut
1338 1315 1588 1385 gemitUS‚
1615 1323 1678 1381 ut
1704 1315 1949 1385 suspiria,
1969 1322 2031 1367 ut
2056 1314 2277 1366 tandem

266 1401 536 1453 infernum
563 1401 791 1471 captivis
821 1401 932 1453 suis
958 1401 1174 1453 faciant.
1241 1400 1449 1464 Amice,
1474 1418 1543 1452 ne
1569 1400 1752 1469 praeda
1776 1400 1874 1452 fias
1900 1399 2278 1452 immisericor-

268 1487 418 1539 dium
444 1488 780 1556 praedonum,
800 1504 913 1537 non
935 1485 1169 1538 dormias
1190 1484 1245 1536 in
1268 1485 1501 1537 transitu
1522 1503 1722 1538 earum.
1764 1486 1983 1556 Jupiter
2001 1504 2095 1538 rex
2112 1493 2277 1538 terre-

267 1593 392 1639 nuS,
420 1574 511 1643 qui
537 1574 700 1626 etiam
734 1573 910 1625 dictus
951 1580 1034 1624 est
1060 1573 1316 1624 coelorum
1353 1590 1464 1636 rex,
1505 1590 1617 1641 prae
1662 1572 1918 1643 singulari
1960 1573 2278 1626 strenuitate

268 1662 505 1730 corporis
546 1669 601 1713 et
633 1659 1042 1730 incomparabili
1068 1658 1267 1710 mentis
1307 1659 1590 1728 elegantia,
1615 1667 1743 1729 post
1768 1660 2045 1729 Europam
2073 1659 2278 1728 mugire

266 1754 483 1799 coactus
511 1755 610 1798 est.
685 1746 894 1810 Amice,
921 1763 1043 1798 ecce
1070 1762 1230 1815 quem
1249 1744 1467 1796 bonitas
1495 1763 1658 1814 super
1683 1746 1846 1797 coelos
1873 1746 2083 1809 extulit,
2103 1744 2278 1797 foemi-

266 1851 336 1883 na
361 1831 534 1883 brutis
561 1832 908 1901 comparavit.
962 1830 1171 1883 Poterit
1210 1838 1265 1882 et
1305 1837 1359 1882 te
1389 1830 1610 1883 foemina
1653 1849 1843 1899 cogere
1884 1830 1952 1883 ad
1990 1831 2277 1900 mugitum,

266 1918 312 1970 si
348 1936 459 1970 non
501 1937 558 1970 es
602 1918 743 1971 Jove
787 1918 976 1988 major,
1011 1918 1165 1986 cujus
1222 1915 1582 1986 magnitudini
1631 1935 1793 1968 nemo
1828 1917 1963 1968 alius
2019 1935 2115 1987 par
2157 1916 2278 1968 fuit.

268 2005 523 2069 Phoebus,
563 2006 655 2075 qui
701 2004 977 2073 sapientiae
1028 2003 1190 2055 radiis
1235 2002 1405 2055 totius
1445 2002 1591 2055 orbis
1622 2003 1948 2073 primitiavit
1996 2003 2279 2067 ambitum,

267 2098 328 2142 ut
371 2091 564 2142 merito
598 2091 726 2142 solis
768 2090 989 2153 nomine
1036 2089 1183 2141 solus
1223 2089 1598 2154 illustraretur,
1637 2089 1933 2142 infatuatus
1978 2097 2061 2142 est
2099 2108 2279 2142 amore

267 2175 628 2238 LeucothoeS,
672 2174 775 2226 sibi
815 2175 881 2226 ad
919 2173 1271 2244 ignominiam
1312 2181 1368 2226 et
1404 2174 1482 2225 illi
1508 2175 1575 2226 ad
1615 2175 1918 2240 interitum,
1946 2183 2000 2227 et
2034 2174 2280 2244 ecliptica

268 2261 362 2312 diu
377 2261 747 2313 vicissitudine
772 2260 952 2313 varius
980 2261 1155 2312 factus
1183 2268 1268 2312 est
1292 2261 1599 2330 frequenter
1625 2261 1708 2313 sui
1751 2279 1950 2331 egenus
1970 2263 1990 2329 Η
2039 2261 2278 2326 luminis,

268 2365 375 2416 quo
395 2354 544 2398 totus
563 2346 940 2398 universaliter
956 2345 1147 2415 egebat
1167 2345 1422 2397 mundus·
1466 2345 1676 2411 Amice,
1698 2364 1766 2398 ne
1785 2347 1966 2398 lumen
1986 2347 2132 2416 quod
2147 2347 2202 2398 in
2223 2355 2278 2400 te

267 2440 350 2485 est
367 2431 603 2484 tenebrae
622 2431 734 2495 fiat,
752 2431 1104 2483 Leucothoen
1122 2430 1314 2500 fugito.
1367 2431 1539 2495 Mars,
1561 2431 1653 2501 qui
1672 2433 1806 2484 deus
1826 2432 2145 2485 bellantium
2172 2433 2277 2485 dici

266 2518 463 2571 meruit
488 2518 888 2586 triumphorum
908 2516 1154 2568 familiari
1172 2517 1490 2586 frequentia,
1510 2518 1567 2569 in
1589 2518 1783 2587 quibus
1805 2519 2024 2588 expedit
2043 2519 2276 2572 maxime

265 2611 518 2676 prompta
564 2604 873 2667 strenuitaS,
909 2603 1046 2655 nihil
1080 2603 1182 2656 sibi
1220 2611 1467 2656 metuens
1506 2623 1537 2656 a
1587 2605 1913 2669 Mulcibroffl
1950 2606 2145 2676 ligatus
2192 2614 2277 2659 est

272 2711 395 2744 cum
416 2692 647 2756 Venere,
665 2690 1026 2744 invisibilibus
1062 2690 1280 2760 quidem
1305 2690 1527 2756 catenis,
1549 2691 1892 2744 sensibilibus
1919 2700 2131 2758 tamen3
2170 2693 2276 2745 hoc

266 2785 446 2829 autem
467 2778 535 2829 ad
551 2777 872 2846 applausum
902 2784 1205 2846 satyrorum
1233 2783 1288 2828 et
1315 2775 1550 2828 derisum
1573 2777 1805 2829 coelestis
1833 2778 2009 2830 curiae.
2064 2777 2272 2842 Amice,

270 2863 527 2914 meditare
562 2863 751 2915 saltem
783 2870 998 2915 catenas
1038 2879 1171 2931 quas
1209 2879 1320 2913 non
1346 2861 1497 2913 vides
1525 2868 1579 2913 et
1609 2861 1723 2930 jam
1748 2862 1804 2913 in
1825 2870 1977 2931 parte
2004 2862 2191 2928 sentiS‚
2217 2872 2273 2916 et

318 3036 342 3064 *
366 3038 564 3088 puniunt,
586 3037 681 3077 MS.
704 3036 863 3076 Arund.
1293 3040 1369 3083 eet,
1407 3037 1541 3076 videto
1570 3038 1637 3076 cm·
1665 3036 1760 3080 des,·
1792 3038 1926 3077 ethica
1955 3040 2027 3085 est,
2046 3038 2181 3078 videto
2205 3041 2274 3079 cui

317 3107 346 3154 †
374 3107 532 3154 animae,
552 3105 648 3144 MS.
670 3104 830 3143 Arund.
1280 3106 1407 3156 fides.

318 3176 341 3221 ἶ
371 3174 506 3212 ethica
540 3175 600 3211 est
633 3172 766 3211 videto
796 3172 864 3210 cui
908 3173 949 3210 te
982 3171 1064 3218 des,
1106 3169 1234 3210 MSS.
1347 3173 1369 3220 ἓ
1394 3173 1658 3222 paucissimo,
1679 3172 1773 3211 MS.
1797 3173 1957 3212 Arund.

262 3241 419 3281 Arund.
441 3241 518 3279 and
541 3241 667 3279 Burn.
709 3240 798 3279 The
816 3243 903 3278 text
921 3239 1087 3290 printed
1104 3239 1148 3277 in
1167 3238 1237 3278 the
1355 3240 1370 3291 ΙΙ
1400 3250 1559 3289 expers,
1581 3239 1674 3279 MS.
1701 3240 1829 3279 Burn.

259 3311 393 3350 works
413 3309 461 3349 of
485 3309 546 3348 St.
568 3309 733 3348 Jerome
754 3308 884 3356 reads,
904 3308 1240 3358 Philosophieum
1349 3308 1380 3356 ἹῙ
1405 3307 1600 3354 Vulcano,
1623 3307 1750 3346 MSS.
1773 3307 1932 3347 Arund.
1954 3308 2032 3347 and
2055 3309 2182 3350 Burn.

333 3395 522 3430 CAMD.
551 3393 673 3430 SOC·
1938 3394 1976 3428 U
