2638 3860
317 426 419 472 238
1016 435 1329 471 GUALTERI
1371 433 1571 467 MAPEs
2009 430 2207 481 [Distinc.
2229 429 2286 469 v.

314 578 687 647 agnoscimus3
745 577 790 628 si
831 594 927 645 per
970 594 1171 627 annum
1227 583 1378 627 extra
1416 569 1741 634 steterimus,
1780 587 1921 620 nova
1956 570 2307 623 redeuntibus

313 663 540 715 occurrit
564 662 741 725 facieS,
767 668 822 713 et
845 660 973 712 novi
1000 678 1204 711 sumus.
1282 657 1597 710 Invenimus
1643 654 1708 706 ab
1751 653 1936 706 alienis
1981 653 2306 707 domesticos

313 748 700 816 supplantatOS,
727 754 782 798 et
808 745 1055 798 dominos
1081 764 1111 796 a
1137 744 1321 796 servis,
1397 743 1604 794 Eadem
1648 740 1864 810 quidem
1908 747 1991 790 est
2024 739 2185 804 curia,
2211 740 2307 792 sed

311 839 514 883 mutata
534 839 659 882 sunt
678 829 934 882 membra.
999 829 1328 899 Porphyrius
1350 827 1479 879 dicit
1497 845 1666 896 genus
1684 844 1802 877 esse
1823 824 2223 876 multitudinem
2247 842 2305 877 se

310 915 704 986 quodammodo
732 915 798 966 ad
823 933 992 965 unum
1019 913 1307 965 habentem
1337 911 1679 981 principium.
1757 910 1921 962 Curia
1959 918 2101 962 certe
2135 927 2304 978 genus

307 1020 417 1052 non
461 1009 560 1063 est,
605 1018 728 1051 cum
771 1006 950 1050 tamen
990 997 1302 1066 hujusmodi
1347 997 1432 1048 sit.
1508 997 1652 1047 Nam
1693 995 1984 1047 multitudo
2024 1013 2210 1047 sumus
2237 994 2307 1047 ad

308 1086 586 1138 dominum
626 1103 803 1154 regem
848 1103 904 1136 se
950 1084 1292 1153 quodamodo
1334 1083 1559 1147 1101)οη3,
1588 1082 1841 1152 quoniam
1866 1082 1943 1133 illi
1971 1081 2070 1133 soli
2095 1082 2303 1150 placere

306 1169 653 1223 contendens.
729 1169 1000 1237 Scriptum
1027 1176 1110 1220 est
1135 1168 1200 1219 de
1226 1169 1458 1232 fortuna,
1476 1168 1621 1236 quod
1643 1167 1755 1219 sola
1771 1166 2068 1218 mobilitate
2096 1165 2302 1218 stabilis

305 1257 438 1308 estfi?
514 1253 675 1305 Curia
717 1253 932 1304 fortuna
974 1271 1085 1304 non
1129 1260 1212 1304 031
1226 1273 1242 1317 3
1291 1252 1348 1304 in
1391 1263 1544 1304 motu
1593 1260 1773 1303 tamen
1816 1251 2164 1303 immobiliter
2202 1259 2303 1303 est.

306 1340 582 1391 Infernum
620 1338 797 1390 locum
838 1338 1102 1406 poenalem
1133 1337 1352 1402 dicunt3
1406 1336 1659 1406 quicquid
1699 1336 1897 1405 aliquid
1934 1335 1991 1387 in
2034 1354 2090 1388 se
2131 1336 2302 1388 conti-

303 1434 415 1490 net,
457 1426 607 1476 locus
651 1432 769 1488 est3
809 1425 884 1476 sic
926 1431 980 1475 et
1022 1424 1167 1475 curia
1209 1424 1377 1487 100113,
1418 1422 1681 1491 numquid
1726 1431 1781 1474 et
1816 1422 2080 1490 poenalis?
2141 1422 2300 1474 Certe

302 1512 544 1582 poenaliS,
571 1520 624 1562 et
649 1511 751 1562 hoc
778 1510 1116 1561 solummodo
1144 1509 1325 1561 mitior
1348 1509 1576 1573 infernO,
1594 1509 1740 1577 quod
1757 1510 1893 1560 mori
1909 1516 2140 1577 possunt
2166 1527 2300 1577 quos

297 1598 414 1666 ipsa
454 1604 685 1665 torquet.
760 1595 1070 1647 Macrobius
1090 1601 1123 1658 †
1150 1595 1338 1647 asserit
1363 1594 1856 1664 antiquissimorum
1882 1594 2048 1645 fuisse
2085 1602 2300 1646 senten-

300 1686 448 1747 tiam,
473 1684 741 1735 infernum
781 1682 917 1733 nihil
959 1682 1103 1733 aliud
1147 1699 1263 1734 esse
1308 1700 1467 1750 quam
1495 1699 1691 1750 corpus
1729 1681 2045 1744 humanum,
2071 1681 2127 1732 in
2155 1682 2300 1750 quod

300 1769 475 1820 anima
500 1768 703 1836 dejecta
729 1766 1069 1818 tenebrarum
1096 1766 1395 1818 foeditatem
1420 1766 1697 1818 horrorem
1725 1766 1963 1818 sordium
1990 1766 2210 1835 patitur,
2245 1775 2300 1819 et

300 1870 629 1921 quaecunque
654 1850 895 1902 fabulose
922 1851 1174 1902 dicuntur
1198 1851 1254 1901 in
1295 1851 1505 1902 inferno
1549 1850 1714 1902 fuisse
1739 1869 1932 1919 poenae,
1958 1851 2136 1902 conati
2166 1860 2298 1904 sunt

300 1939 564 2007 assignare
592 1937 823 2005 singulas
848 1937 904 1987 in
932 1937 1213 2005 sepulchro
1235 1937 1471 2004 corporis
1497 1937 1738 2000 humani,
1756 1937 1900 2005 quod
1926 1937 2050 2005 quia
2074 1938 2296 2006 longum

300 2032 384 2077 est
428 2024 769 2092 distinguere,
801 2022 1092 2090 leviterque
1132 2029 1315 2091 potest
1353 2022 1480 2072 alias
1524 2022 1725 2085 haberi,
1771 2022 2111 2074 dimittimus,
2188 2024 2296 2076 Sed

302 2109 347 2160 si
385 2127 576 2177 corpus
602 2109 896 2159 humanum
925 2107 1100 2176 aliqua
1124 2107 1267 2159 valet
1293 2107 1642 2160 similitudine
1678 2107 1781 2159 dici
1822 2126 1998 2160 carcer
2036 2116 2092 2160 et
2135 2110 2297 2162 chaos
2358 2159 2361 2162 .

301 2194 509 2258 animae,
535 2211 695 2263 quare
722 2212 832 2245 non
861 2193 1004 2245 curia
1030 2201 1140 2244 tam
1168 2193 1406 2261 corporis
1435 2212 1594 2262 quam
1622 2192 1833 2245 animae.

786 2307 885 2357 Styx
905 2307 1056 2354 odium,
1080 2307 1327 2357 Phlegethon
1347 2306 1481 2354 ardor,
1504 2307 1655 2346 oblivio
1678 2306 1843 2355 Lethes,

728 2374 914 2426 Cocyton
933 2376 1080 2422 luctus,
1101 2375 1217 2413 triste
1237 2379 1384 2414 sonant
1403 2375 1607 2423 Acheron,

294 2473 349 2524 in
390 2472 533 2524 curia
576 2478 759 2523 nostra
804 2478 945 2522 sunt.
999 2471 1066 2522 In
1109 2470 1194 2522 his
1235 2489 1516 2540 poenarum
1542 2471 1820 2523 volumina
1856 2473 2292 2540 confunduntur3

294 2561 349 2612 in
397 2558 481 2609 his
532 2556 710 2608 omnia
758 2556 1079 2625 flagitiorum
1135 2574 1329 2624 genera
1377 2556 1691 2625 puniuntur.
1794 2558 1923 2609 Non
1987 2568 2070 2610 est
2118 2565 2293 2611 trans-

292 2644 492 2713 gressio
519 2643 603 2695 cui
628 2661 737 2694 non
763 2642 847 2693 his
874 2650 928 2693 et
954 2642 1114 2693 etiam
1140 2641 1454 2694 fluminibus
1481 2642 1839 2712 aequiparetur
1861 2643 2014 2696 ultio.
2103 2645 2292 2697 Parem

293 2730 380 2781 hic
404 2729 609 2780 invenit
634 2746 820 2780 omnes
848 2727 1086 2797 nequitia
1111 2728 1383 2792 malleum,
1405 2735 1458 2779 01
1472 2728 1719 2780 videatur
1746 2730 1896 2781 Deus
1922 2729 1976 2780 in
2004 2729 2089 2780 his
2115 2731 2293 2782 flumi-

293 2814 450 2866 nibus
467 2815 612 2865 furor
632 2821 774 2877 111113,
784 2822 835 2865 01
851 2814 906 2864 in
926 2815 1029 2866 hoc
1047 2813 1343 2882 indignatio
1361 2821 1454 2865 tua
1472 2814 1620 2866 viari.
1662 2814 1838 2866 Curiae
1849 2815 1983 2885 Styx
2004 2823 2086 2866 est
2106 2816 2289 2868 odium

293 2899 447 2951 nobis
473 2899 758 2950 immotum
785 2917 848 2950 ex
874 2906 1059 2950 nostro
1079 2899 1165 2950 vel
1190 2898 1362 2950 alieno
1389 2898 1554 2963 vitio;
1595 2900 1946 2969 Phlegethon,
1967 2901 2124 2952 ardor
2140 2901 2290 2970 cupi-

294 2984 473 3035 ditatis
528 2991 582 3035 et
641 2984 731 3035 11110
758 3005 772 3049 3
835 2984 1036 3036 Lethes
1099 2984 1297 3036 oblivio
1354 2983 1601 3037 beneficii
1651 2986 1901 3038 creatoris
1958 2994 2013 3038 et
2057 2986 2289 3056 promis-

294 3069 456 3120 sionis
506 3069 562 3120 in
611 3068 932 3137 baptismate
991 3070 1163 3134 datae3
1229 3070 1488 3139 Cocytus,
1529 3072 1709 3123 luctus
1760 3090 1827 3124 ex
1877 3073 2076 3124 nostris
2121 3073 2279 3125 nobis

290 3154 523 3206 inflictus
550 3155 873 3220 excessibus,
918 3156 1006 3225 qui
1051 3156 1137 3208 via
1177 3155 1459 3226 multiplici
1485 3176 1607 3209 cum
1650 3158 1742 3210 illo
1783 3176 2014 3228 nequam
2049 3158 2285 3224 advenit,

347 3281 372 3307 *
402 3282 619 3331 Boethius,
632 3283 695 3322 De
711 3283 918 3323 Consolat.
939 3285 1089 3324 Philos.
1112 3286 1182 3324 lib.
1198 3286 1239 3325 ii.
1308 3286 1370 3333 10,
1404 3286 1483 3324 and
1517 3299 1704 3338 compare
1730 3287 1764 3325 it
1795 3287 1893 3326 with
1926 3287 2009 3326 this
2043 3286 2209 3338 chapter
2241 3286 2293 3326 of

297 3362 418 3400 prosa
438 3352 475 3387 1.
534 3350 606 3388 See
625 3351 782 3396 before,
805 3351 874 3390 the
895 3357 990 3390 note
1005 3364 1058 3390 on
1077 3365 1119 3402 p.
1138 3354 1179 3390 2.
1304 3354 1462 3393 Walter
1481 3354 1641 3406 Mapes,
1664 3355 1751 3394 who
1771 3356 1843 3394 has
1860 3355 2074 3395 borrowed
2095 3368 2216 3406 many
2237 3354 2289 3393 of

343 3416 368 3465 †
402 3415 473 3454 See
493 3415 678 3455 Macrob.
699 3418 738 3455 in
771 3417 910 3457 Somn.
936 3419 1044 3469 Scip.
1066 3420 1136 3459 lib.
1159 3420 1186 3459 i.
1210 3434 1245 3459 c.
1304 3421 1367 3461 his
1383 3422 1493 3461 ideas
1514 3423 1618 3461 from
1641 3423 1711 3461 the
1732 3423 1799 3462 old
1822 3423 1982 3463 Roman
2005 3423 2155 3461 writer.
