2638 3860
321 362 388 410 62
1031 367 1339 403 GUAL'PERI
1379 365 1580 401 MAPEs
2018 362 2215 415 [Distinc.
2238 360 2275 400 1.

321 499 512 563 denda,
538 504 593 550 et
618 495 766 567 quasi
791 514 821 547 a
844 495 962 546 loco
998 491 1203 544 foetoris
1241 497 1457 559 accepta
1494 488 1708 541 licentia
1745 489 2049 558 pruriginis,
2075 487 2301 559 quisque

320 585 422 637 sibi
446 583 746 653 proximum
773 587 866 632 aut
888 577 1187 648 proximam
1232 575 1433 643 arripit,
1477 573 1997 642 commiscenturque
2038 580 2301 643 quantum

321 669 542 738 quisque
585 664 872 717 ludibrium
912 663 1198 716 extendere
1239 660 1542 730 praevalete*
1614 658 1822 711 Dicunt
1860 659 2022 712 etiam
2062 657 2302 728 magistri

321 753 616 819 docentque
647 747 879 801 novitios
910 748 1183 800 caritatem
1228 764 1345 799 esse
1380 745 1670 814 perfectam
1707 760 1861 812 agere
1893 743 1981 795 vel
2013 742 2126 811 pati
2156 742 2302 811 quod

319 832 694 887 desideraverit
718 840 772 884 et
796 831 1010 901 petierit
1033 833 1193 883 frater
1218 838 1312 882 aut
1331 848 1497 894 soror,
1514 828 1823 898 extinguere
1845 826 2046 879 scilicet
2069 826 2300 879 invicem

319 919 581 983 ardenteS,
625 925 680 969 et
722 936 752 968 a
789 917 1043 985 patiendo
1089 915 1323 968 Paterini
1363 915 1631 967 dicuntur.
1707 913 1775 964 In
1817 912 2013 981 Anglia
2055 911 2300 963 nondum

314 1010 578 1059 venerunt
612 1003 717 1054 nisi
744 1002 991 1067 sedecim,
1018 1002 1109 1072 qui
1146 1009 1413 1071 praecepto
1451 1000 1589 1069 regis
1619 997 1842 1051 Henrici
1868 996 2090 1049 secundi
2123 994 2302 1047 adusti

316 1096 371 1141 et
385 1087 543 1157 virgis
560 1087 683 1139 caesi
699 1087 1074 1155 disparuerunt
1088 1087 1142 1139 in
1161 1086 1567 1139 Normanniam.
1605 1084 1886 1153 Apparent
1899 1082 2070 1134 necin
2087 1081 2302 1133 Britan-

314 1173 434 1237 nia3
458 1172 515 1223 in
535 1171 843 1240 Andegavia
868 1172 1023 1223 multi
1044 1180 1187 1237 sunt,
1209 1173 1303 1224 sed
1326 1171 1383 1223 in
1401 1169 1692 1240 Aquitania
1710 1176 1765 1221 et
1785 1166 2099 1236 Burgundia
2116 1183 2303 1235 super..

316 1256 592 1308 abundant
604 1254 716 1323 jam
733 1254 800 1305 ad
820 1273 1036 1307 omnem
1060 1256 1398 1308 infinitatem.
1435 1255 1608 1306 Aiunt
1628 1253 1790 1306 etiam
1816 1251 2182 1320 compatriotae
2200 1250 2301 1312 sui,

317 1341 461 1411 quod
487 1339 737 1392 convivas
765 1357 892 1391 suos
928 1339 985 1391 in
1011 1339 1187 1409 aliquo
1227 1340 1550 1392 ferculorum
1585 1356 1805 1390 suorum
1833 1337 2071 1406 capiunt,
2108 1343 2163 1389 et
2186 1336 2302 1387 fue·

316 1427 425 1478 rint
442 1433 505 1476 ut
529 1424 648 1492 ipsi,
671 1441 803 1492 quos
825 1423 1025 1476 scilicet
1039 1423 1506 1492 praedicationibus
1527 1422 1749 1476 occultis
1770 1440 1900 1490 quas
1919 1421 2080 1490 vulgo
2098 1420 2302 1473 faciunt

316 1516 633 1577 attemptare
659 1525 768 1559 non
794 1507 1009 1559 audent.
1073 1508 1234 1560 Unde
1267 1508 1492 1577 contigit
1531 1507 1677 1577 quod
1711 1506 1845 1558 mihi
1885 1505 2136 1558 dominus
2162 1505 2301 1556 Wil-

314 1594 505 1646 lelmus
546 1590 827 1643 Remensis
867 1591 1352 1662 archiepiscopuS,†
1390 1594 1552 1645 frater
1592 1592 1788 1661 reginae
1830 1591 2178 1653 Francorum,
2218 1606 2302 1641 re-

314 1678 439 1732 tulit
463 1684 517 1729 et
540 1676 722 1728 multis
748 1676 1083 1730 confirmavit
1107 1678 1354 1742 testibuS,
1392 1679 1536 1747 quod
1567 1677 1784 1747 quidam
1816 1675 2012 1728 nobilis
2049 1674 2300 1744 princeps

315 1782 346 1815 a
363 1761 605 1832 partibus
625 1761 848 1812 Viennae
869 1769 1018 1814 metu
1049 1763 1379 1815 detestabilis
1404 1763 1567 1832 hujus
1597 1762 1796 1831 rapinae
1829 1762 1906 1812 sal
1939 1760 2300 1814 exorcizatum

317 1866 498 1901 secum
522 1845 578 1896 in
602 1846 787 1914 perula
813 1864 1022 1915 semper
1046 1847 1284 1912 haberet,
1301 1848 1512 1900 nescius
1533 1848 1687 1916 cujus
1715 1847 1936 1899 domum
1961 1845 2299 1915 ingressurus

315 1940 371 1986 et
393 1931 591 1999 ubique
629 1930 826 1982 timens
861 1931 1138 1998 pellaciam
1176 1931 1368 1996 hostiS,
1407 1931 1567 1983 etiam
1592 1931 1647 1982 in
1674 1948 1861 1982 mensa
1896 1929 2128 1999 propriis
2163 1930 2298 1982 illud

315 2014 619 2086 apponebat
660 2014 810 2066 cibis·
887 2015 1156 2067 Perlatum
1194 2023 1278 2067 est
1314 2015 1381 2067 ad
1419 2034 1543 2067 eum
1582 2015 1722 2067 forte
1767 2015 1912 2083 quod
1949 2014 2056 2066 duo
2100 2014 2299 2069 milites

314 2107 567 2169 nepotem
594 2101 802 2164 suum,‡
831 2100 919 2169 qui
946 2100 1130 2151 multis
1156 2107 1382 2169 praeerat
1405 2099 1622 2169 populis
1649 2106 1703 2151 et
1729 2098 1960 2168 oppidis,
1981 2106 2301 2165 everterant,

314 2192 369 2237 et
393 2202 513 2236 ecce
538 2184 714 2253 ipsum
743 2186 810 2235 ad
834 2191 1087 2253 nepotem
1115 2203 1303 2249 suum3
1331 2182 1665 2236 coenantibus
1690 2182 1795 2234 illis
1820 2182 1920 2234 rite
1947 2182 2125 2247 simul,
2150 2183 2302 2252 igno-

313 2277 464 2322 rante
489 2275 685 2337 nepote
711 2268 838 2336 quid
878 2276 1136 2337 ageretur,
1180 2269 1306 2320 fecit
1342 2267 1606 2320 avunculo
1635 2285 1732 2319 suo
1758 2267 1988 2318 mullum
2030 2267 2300 2337 integrum

310 2353 368 2405 in
396 2353 542 2405 disco
585 2352 799 2421 apponi,
824 2353 1069 2421 pulcrum
1095 2352 1216 2404 visu
1254 2359 1309 2404 et
1345 2352 1412 2403 ad
1447 2351 1776 2404 vescendum
1803 2369 2039 2416 suavem,
2063 2359 2127 2404 ut
2150 2353 2300 2406 vide-

311 2436 484 2489 batur.
556 2436 828 2505 Apposuit
876 2454 1001 2506 ergo
1044 2436 1196 2489 miles
1242 2436 1336 2501 sal,
1381 2443 1436 2488 et
1478 2435 1741 2505 disparuit
1790 2435 1970 2488 subito
2014 2436 2195 2505 pisciS,
2246 2447 2302 2492 et

311 2522 523 2591 reliquit
546 2521 603 2572 in
638 2521 785 2573 disco
821 2522 973 2591 quasi
1011 2522 1206 2591 pilulas
1240 2522 1354 2574 fimi
1386 2521 1632 2591 leporini.
1705 2520 2004 2574 Abhorruit
2047 2523 2218 2588 mileS,
2245 2531 2300 2576 et

312 2608 550 2676 quicum
575 2624 638 2658 eo
665 2613 832 2672 erant,
871 2615 1195 2676 ostensoque
1234 2607 1420 2677 nepoti
1461 2624 1560 2659 suo
1603 2606 1877 2672 miracu10,
1902 2607 2213 2675 praedicavit
2249 2608 2300 2662 ei

364 2756 390 2783 *
417 2757 517 2797 This
536 2758 714 2797 horrible
733 2759 968 2798 accusation
986 2772 1066 2799 was
1084 2772 1129 2799 so
1148 2773 1271 2811 gene·
1329 2760 1500 2799 Rheims
1518 2759 1626 2798 from
1642 2759 1746 2801 1176
1766 2762 1810 2797 to
1829 2759 1947 2797 1202.
1982 2758 2050 2798 He
2063 2771 2142 2798 was
2159 2759 2300 2799 fourth

310 2824 410 2875 rally
428 2825 543 2863 made
562 2825 719 2874 against
737 2826 791 2864 all
809 2826 879 2864 the
899 2830 1005 2865 sects
1024 2827 1115 2866 who
1135 2831 1177 2866 at
1196 2828 1273 2866 dif-
1330 2840 1406 2867 son
1424 2827 1471 2867 of
1484 2827 1695 2866 Theobald
1715 2826 1792 2866 IV.
1822 2831 1949 2865 count
1969 2827 2016 2865 of
2032 2827 2298 2878 Champaine,

309 2891 440 2930 ferent
469 2892 629 2942 periods
661 2892 868 2932 dissented
887 2893 993 2931 from
1023 2894 1093 2932 the
1122 2894 1275 2933 church
1331 2894 1411 2933 and
1438 2894 1640 2933 therefore
1666 2893 1835 2932 brother
1863 2893 1910 2932 of
1935 2893 2064 2933 Adela
2091 2907 2225 2946 queen
2254 2896 2303 2936 of

311 2959 358 2997 of
383 2959 527 3007 Rome,
549 2958 630 2998 and
646 2959 681 2998 is
710 2960 753 2998 in
782 2961 899 3000 itself
928 2973 973 2999 so
1001 2961 1270 3012 improbable,
1331 2962 1458 3001 Louis
1477 2962 1578 3001 VII,
1597 2962 1697 3012 king
1716 2961 1762 3000 of
1776 2961 1942 3000 France.

311 3026 401 3064 that
418 3027 452 3064 it
471 3027 655 3066 deserves
673 3039 727 3066 no
747 3028 887 3067 credit.
948 3029 1023 3068 See
1042 3029 1112 3067 the
1133 3029 1273 3067 Intro·
1384 3030 1408 3079 ‡
1438 3030 1526 3069 The
1537 3043 1686 3081 person
1697 3029 1858 3068 alluded
1876 3033 1919 3068 to
1938 3029 1982 3067 in
2001 3029 2070 3068 the
2089 3029 2298 3083 following

314 3093 481 3132 duction
508 3098 551 3133 to
582 3095 651 3134 the
679 3095 947 3148 Proceedings
966 3097 1125 3147 against
1145 3096 1275 3136 Dame
1329 3101 1444 3148 story
1479 3110 1560 3136 was
1607 3097 1784 3148 perhaps
1831 3096 1951 3135 Eudo
1988 3097 2039 3136 de
2078 3098 2218 3145 Stella,
2253 3098 2302 3138 of

313 3159 429 3198 Alice
447 3160 628 3211 Kyteler,
649 3175 719 3213 pp.
741 3164 923 3203 v.—viii.
1327 3164 1462 3203 whom
1482 3166 1561 3203 and
1582 3165 1645 3204 his
1677 3164 1868 3216 disciples
1897 3177 1921 3203 a
1939 3165 2037 3214 long
2066 3169 2243 3205 account
2260 3167 2296 3206 is

367 3226 395 3273 †
420 3227 615 3276 William,
648 3231 864 3269 surnamed
896 3231 953 3270 ad
983 3232 1098 3270 albas
1130 3243 1274 3270 manus
1326 3232 1446 3283 given
1478 3232 1533 3283 by
1569 3232 1750 3271 William
1786 3231 1834 3271 of
1859 3231 2080 3283 Newbury,
2102 3231 2168 3272 De
2187 3232 2293 3273 Reb.

315 3303 361 3330 or
398 3304 481 3331 aux
525 3295 712 3335 blane-hes
756 3299 899 3344 mains,
947 3299 1191 3350 archbishop
1230 3300 1277 3338 of
1327 3300 1451 3350 Angl.
1473 3299 1546 3339 lib.
1560 3300 1590 3339 i.
1611 3313 1648 3339 c.
1669 3302 1732 3341 19.
