2638 3860
396 487 497 535 116
1088 488 1400 529 GUAL‘rEm
1441 484 1644 526 MAPES
2040 487 2240 541 [Distinc.
2264 488 2353 529 111.

388 621 636 694 respiciat
658 627 721 674 ut
742 613 1018 689 resipiscat
1040 618 1128 671 vel
1150 617 1474 687 respondere
1500 615 1765 684 dignetur,
1793 613 1888 666 sed
1914 614 2090 667 solum
2108 612 2377 668 Galonem

386 708 603 778 inspicit
626 708 831 759 instans
856 712 918 757 ut
942 703 1130 773 coeptis
1156 703 1389 755 insistat.

460 793 656 861 Incipit
687 792 880 844 iterum
920 791 1091 843 Galox
1129 793 1163 819 ‘⁶
1183 789 1349 859 Gigas
1374 805 1519 849 vero,
1557 786 1685 839 licet
1716 787 1891 838 multo
1915 786 2094 838 furore
2118 787 2377 851 fervidus,

384 877 451 928 ad
499 895 643 928 arma
689 894 776 928 me
818 875 1012 929 reverti
1053 874 1229 944 jubet,
1274 874 1536 926 inermem
1584 879 1738 924 tanto
1779 870 2097 939 dedignatus
2147 870 2374 921 assultu.

385 960 774 1029 Congredimur
807 960 1011 1030 impare
1048 959 1182 1011 mihi
1214 958 1376 1010 nimis
1416 964 1472 1010 et
1503 957 1805 1027 periculoso
1843 973 2152 1025 congressu.
2226 954 2372 1006 Nam

380 1063 466 1096 me
490 1045 677 1097 leviter
701 1053 755 1097 et
771 1045 885 1097 sine
911 1044 1221 1097 difficultate
1246 1050 1361 1095 tota
1379 1041 1713 1112 longitudine
1737 1041 1936 1092 lanceae
1964 1057 2084 1091 suae
2101 1038 2296 1108 dejecit
2313 1039 2371 1090 in

378 1131 581 1182 furcam
607 1130 810 1183 arboris
846 1130 1129 1200 proximae,
1153 1129 1434 1198 tenuitque
1457 1127 1682 1179 firmiter
1704 1126 1781 1178 ibi
1807 1125 2107 1178 convitians
2132 1132 2188 1177 et
2212 1124 2373 1177 casti-

376 1233 507 1283 gans
532 1214 835 1279 immotum,
860 1222 923 1267 ut
948 1215 1015 1267 de
1053 1215 1164 1266 suis
1201 1213 1515 1283 gloriaretur
1538 1212 1760 1276 viribuS,
1787 1219 1842 1263 et
1867 1230 1963 1263 sua
1980 1210 2131 1280 virgo
2158 1211 2223 1263 de
2248 1228 2372 1262 mea

374 1300 603 1367 gaudere
643 1308 829 1369 posset
869 1301 984 1352 ulta
1026 1299 1255 1353 miseria.
1354 1298 1618 1368 Nunquid
1655 1298 1900 1350 nondum
1946 1297 2158 1361 sufficit,
2203 1315 2236 1348 o
2284 1314 2370 1348 re·

373 1384 568 1453 gina?''
597 1386 715 1437 Rex
731 1394 862 1452 orat,
879 1404 1067 1438 omnes
1092 1386 1316 1438 adorant
1333 1385 1538 1437 idolum
1551 1384 1684 1436 illud
1703 1384 1943 1448 surdum,
1970 1390 2025 1435 et
2050 1383 2127 1435 eis
2143 1382 2368 1434 omnino

372 1477 603 1534 mutum,
643 1478 866 1539 excepto
916 1471 1060 1539 quod
1093 1470 1380 1540 procedere
1425 1469 1596 1539 jubet.
1673 1469 1812 1522 Galo
1835 1490 1850 1521 ι
1901 1470 2109 1521 “Deus
2153 1468 2212 1519 in
2255 1485 2367 1536 quo

372 1554 650 1622 sperabam
686 1557 820 1608 mihi
857 1556 1005 1608 misit
1041 1556 1099 1607 in
1140 1554 1440 1607 subsidium
1482 1554 1639 1606 aliam
1663 1554 1926 1623 virginem
1966 1572 2127 1623 quam
2151 1553 2364 1622 ignora-

367 1638 510 1704 bam,
537 1658 656 1710 quae
679 1641 949 1711 praedictae
979 1641 1361 1694 crudelissimae
1384 1641 1607 1710 virginis
1640 1641 1860 1710 profusa
1884 1640 2113 1710 pedibus
2146 1639 2360 1691 veniam

365 1724 499 1776 meis
537 1727 846 1794 postulabat
882 1726 1180 1793 erratibus3
1235 1725 1576 1779 osculabatur
1612 1726 1661 1778 ei
1696 1725 1863 1795 pedes
1896 1724 2049 1777 vanis
2088 1724 2363 1777 inundans

362 1809 612 1875 lacrimiS,
655 1831 780 1864 nam
824 1813 1129 1865 elatissimae
1168 1812 1430 1882 superbiae
1465 1812 1616 1881 virgo
1652 1811 1883 1881 gigantis
1925 1829 2061 1863 meae
2098 1810 2363 1879 confregit

363 1896 607 1964 adjutrici
627 1899 763 1967 pede
790 1917 888 1951 suo
921 1898 1194 1951 teterrima
1219 1906 1405 1950 contra
1430 1898 1620 1949 dentes
1644 1897 1802 1950 labia.
1877 1897 2078 1948 Nonne
2105 1895 2235 1947 satis
2253 1904 2358 1960 est,

360 1981 578 2048 regina?
657 1983 795 2037 Quis
834 1984 1126 2037 mirabilior
1165 1992 1258 2036 aut
1299 1983 1652 2035 miserabilior
1685 2001 1916 2052 usquam
1959 1980 2116 2033 alicui
2159 1983 2355 2033 casus?

363 2065 470 2117 Sed
509 2066 617 2119 scio
656 2087 767 2120 non
807 2069 1092 2122 misereris,
1167 2069 1368 2122 Omnia
1402 2068 1628 2122 fatebor.
1702 2068 1874 2120 Amor
1906 2085 2059 2120 meus
2103 2074 2159 2120 et
2195 2066 2357 2136 longe

358 2150 607 2204 nobiliori
633 2153 944 2224 dignissima
968 2156 1146 2225 puella
1164 2155 1356 2225 pedem
1378 2155 1615 2207 osculata
1638 2153 1887 2224 gigantiS,
1913 2171 2003 2205 ore
2027 2153 2165 2223 proh
2186 2153 2196 2205 !
2231 2172 2357 2204 san-

356 2235 668 2304 guinolento
694 2257 868 2291 meam
897 2239 1158 2309 allegabat
1182 2258 1248 2292 ex
1273 2239 1587 2308 aegritudine
1623 2240 1784 2309 longa
1821 2238 2169 2303 debilitatem,
2195 2245 2250 2290 et
2273 2237 2353 2290 illi

356 2322 588 2375 dedecus
632 2342 750 2378 esse
789 2327 1084 2378 maximum
1108 2330 1284 2379 virum
1323 2327 1539 2379 inanem
1574 2325 1780 2379 viribus
1818 2332 1873 2378 et
1909 2332 2185 2394 expertem
2230 2344 2355 2377 sana-

352 2408 529 2475 guinis
572 2409 639 2461 ad
683 2410 949 2480 singulare
981 2419 1251 2464 certamen
1292 2411 1546 2480 coegisse.
1623 2411 1788 2481 Gigas
1834 2411 2065 2476 erubuit,
2105 2412 2200 2463 sed
2235 2430 2350 2463 non

351 2494 622 2562 pepercit3
661 2497 980 2565 expectabat
1005 2497 1149 2550 enim
1191 2497 1336 2549 illius
1376 2516 1486 2550 suae
1525 2516 1710 2567 preces
1749 2517 1868 2567 quae
1894 2497 2116 2550 sedebat
2150 2498 2350 2550 immo-

351 2576 473 2630 bilis
499 2587 553 2632 et
575 2580 970 2648 immisericorS,
997 2591 1052 2635 et
1075 2583 1395 2652 respiciebat
1432 2602 1543 2635 non
1581 2584 1976 2653 respicientem.
2048 2584 2191 2635 Tum
2228 2601 2350 2636 mea

351 2663 502 2731 cujus
539 2665 673 2718 mihi
712 2685 804 2720 cor
842 2668 984 2721 dulci
1024 2669 1343 2721 condolebat
1391 2687 1571 2721 amore
1611 2670 1748 2721 flens
1783 2687 1959 2721 amare
1992 2668 2115 2737 quia
2155 2685 2346 2737 pacem

351 2748 591 2815 optinere
615 2768 727 2803 non
751 2752 947 2821 potuit,
971 2753 1216 2805 inducias
1246 2753 1302 2805 in
1330 2772 1531 2805 annum
1556 2754 1730 2822 petiit,
1757 2762 1813 2806 et
1838 2772 1895 2805 se
1922 2753 2072 2805 dedit
2097 2753 2342 2805 obsidem

351 2835 495 2901 quod
520 2854 663 2889 anno
701 2838 948 2890 revoluto
976 2838 1061 2890 die
1100 2838 1383 2903 consimili,
1423 2838 1469 2890 si
1499 2857 1612 2891 non
1650 2857 1796 2891 mors
1821 2838 2215 2903 intervenisset,
2255 2857 2344 2891 me

350 2926 533 2971 contra
550 2921 768 2974 Rivium
784 2923 848 2974 ad
869 2923 1132 2992 singulare
1152 2931 1419 2976 certamen
1437 2925 1772 2994 produceret,
1787 2924 2123 2994 lacrimisque
2145 2923 2343 2993 quibus

347 3001 452 3055 iras
479 3022 665 3059 omnes
692 3016 746 3060 et
771 3026 983 3060 ornnem
1015 3009 1255 3078 frangere
1279 3016 1465 3077 posset
1481 3008 1640 3061 corda
1659 3009 1999 3079 tyrannidem
2020 3028 2142 3062 cum
2162 3011 2344 3080 puella

347 3106 458 3140 non
491 3092 764 3157 movisset,
801 3093 1071 3162 gigantem
1102 3092 1271 3158 flexit,
1309 3100 1364 3145 et
1402 3093 1470 3145 ad
1506 3102 1634 3146 vota
1659 3095 2004 3147 mansuescit.
2077 3096 2212 3148 Dies
2254 3095 2339 3147 in-

351 3180 474 3238 stat,
500 3184 554 3228 et
579 3196 710 3230 meae
737 3179 923 3231 salutis
950 3178 1154 3231 auctrix
1181 3179 1488 3249 quingentis
1513 3179 1766 3232 comitata
1790 3180 2057 3233 militibus
2078 3181 2134 3232 in
2154 3180 2337 3250 januis

349 3264 433 3308 est
450 3279 465 3321 3
504 3261 647 3330 gigas
691 3271 870 3316 autem
911 3264 970 3316 in
1009 3283 1174 3316 manu
1213 3264 1448 3334 quinque
1487 3265 1694 3318 milium
1738 3267 1994 3336 sequitur.
2070 3267 2205 3318 Haec
2249 3284 2338 3318 me

348 3342 475 3396 fecit
499 3348 770 3402 meditatio
797 3350 1072 3419 stupidum
1095 3350 1153 3404 in
1177 3369 1380 3417 mensa,
1407 3370 1526 3422 quae
1551 3352 1685 3405 mihi
1702 3353 1951 3407 terribilis
1977 3360 2033 3406 et
2055 3352 2336 3405 immensa.
