2638 3860
389 399 488 445 132
1088 401 1398 438 GUALTEm
1441 399 1640 434 MAPEs
2042 399 2238 449 [Distinc.
2262 400 2346 439 ΙΙΙ.

390 554 610 600 comunt
654 541 956 612 lachrymiS,
1000 546 1169 592 totam
1206 537 1334 589 facit
1368 535 1726 588 securitatem.
1805 535 1904 586 Ille
1930 535 2228 589 desiderata
2252 543 2380 588 vota

388 631 746 699 complectens
763 626 1173 694 allachrymatur
1193 622 1258 686 ei,
1272 630 1326 673 et
1343 621 1544 672 notatis
1554 638 1693 672 verae
1710 619 1835 671 fidei
1852 620 2035 672 multis
2052 621 2378 689 argumentis

385 717 553 785 rigore
580 713 784 765 mollito
819 730 849 762 a
872 710 987 762 viro
1013 707 1241 777 pristino
1269 706 1494 758 defluxit
1525 706 1581 757 in
1620 704 1887 769 uxorium,
1914 706 2028 774 jam
2061 707 2196 757 nihil
2219 708 2378 758 unico

389 810 442 853 et
467 799 670 868 optimo
697 796 864 848 credit
888 794 1017 858 filio,
1056 794 1222 844 immo
1256 792 1371 860 ipse
1399 809 1518 843 cum
1547 791 1800 859 praeclara
1824 790 2025 841 familia
2069 809 2164 841 sua
2189 790 2379 859 coeptis

386 886 499 953 ejus
526 881 805 944 addicitur,
850 878 1099 949 quicquid
1139 884 1222 928 est
1266 875 1553 945 appetibile
1579 874 1763 926 manui
1804 892 1914 926 suae
1960 874 2256 943 subjicitur,
2283 893 2383 927 nec

386 975 551 1021 restat
576 967 721 1036 quod
746 966 862 1034 ipsa
907 963 1168 1016 desiderio
1214 981 1312 1014 suo
1358 961 1621 1030 dignetur.
1696 960 1942 1012 Adduxit
1967 960 2015 1012 ei
2041 960 2270 1028 quadam
2297 959 2383 1012 die

386 1071 537 1105 casus
588 1050 953 1102 admirabilem
1015 1067 1137 1100 cum
1189 1047 1422 1098 maximo
1474 1046 1733 1099 comitatu
1780 1045 2008 1097 militum
2063 1045 2130 1095 ad
2172 1045 2383 1113 januas,

388 1156 545 1207 quem
572 1137 716 1188 Raso
743 1153 921 1187 coram
949 1152 1045 1185 sua
1084 1133 1234 1201 quasi
1259 1150 1453 1201 procus
1501 1131 1675 1183 adhuc
1715 1140 1824 1183 tam
1866 1130 2056 1182 acriter
2087 1129 2286 1181 invasit
2322 1139 2385 1182 ut

386 1223 533 1274 nullo
569 1221 742 1291 possit
778 1219 926 1290 argui
970 1218 1263 1271 senectutis
1303 1217 1668 1270 incommodo.
1746 1217 1953 1285 Captus
1991 1224 2074 1268 est
2117 1223 2297 1267 autem
2324 1234 2386 1268 ea

389 1309 472 1360 die
499 1327 593 1359 sua
617 1307 816 1375 filiique
844 1305 926 1357 sui
951 1305 1148 1356 virtute
1175 1303 1501 1356 admirabilis
1537 1310 1591 1354 et
1630 1303 2008 1366 incarceratus,
2044 1309 2099 1354 et
2140 1302 2302 1353 clavis
2328 1302 2384 1353 in

389 1412 553 1445 manu
611 1392 862 1444 dominae.
940 1390 1191 1442 Habebat
1228 1389 1403 1441 aetatis
1442 1388 1767 1440 admirabilis
1812 1389 1933 1458 plus
1977 1406 2146 1458 puero
2185 1388 2387 1456 juvene

388 1479 583 1542 minUS,
628 1485 843 1546 eratque
886 1476 991 1545 ipsi
1037 1483 1242 1527 statura
1285 1474 1577 1526 nimietatis
1621 1474 1901 1543 utriusque
1948 1474 2143 1537 media,
2192 1492 2386 1543 corpus

389 1563 582 1627 habile,
623 1562 784 1614 facies
829 1569 1089 1630 quantum
1133 1560 1406 1613 Sarraceni
1455 1568 1638 1629 potest
1686 1560 1945 1613 amabilis,
2023 1560 2196 1630 Capta
2221 1568 2305 1611 est
2331 1561 2388 1611 in

391 1648 556 1701 oculis
583 1648 697 1717 ejus
721 1648 953 1711 domina,
974 1655 1028 1698 et
1054 1647 1305 1715 quoniam
1332 1646 1436 1715 ipsi
1460 1646 1684 1698 facultas
1712 1654 1795 1698 est
1820 1646 2064 1698 omnium
2091 1647 2230 1710 data,
2250 1647 2388 1698 forte

391 1739 578 1801 posset
602 1740 789 1784 votum
815 1732 1036 1799 implere
1063 1733 1128 1783 de
1154 1732 1311 1795 facili,
1333 1731 1395 1782 fit
1421 1732 1596 1782 audax
1624 1750 1690 1783 ex
1715 1732 1947 1796 licentia,
1974 1733 2122 1783 nulla
2148 1751 2203 1784 se
2231 1732 2389 1783 casti-

393 1818 603 1887 gatione
630 1817 864 1881 cohibet,
892 1817 957 1869 ab
983 1817 1103 1886 ipso
1132 1825 1311 1886 sperat
1337 1816 1589 1886 quicquid
1630 1837 1660 1868 a
1687 1835 1813 1868 sene
1841 1817 2039 1882 deficit,
2067 1817 2390 1886 singularem

398 1904 445 1954 ei
471 1921 730 1954 carcerem
747 1903 874 1954 facit
895 1903 1240 1954 tenebrosum
1268 1909 1322 1954 et
1346 1903 1558 1966 fortem,
1579 1909 1633 1953 et
1659 1920 1807 1953 zonae
1829 1902 2030 1953 clavem
2049 1903 2163 1971 ejus
2190 1920 2392 1971 appen-

398 1989 476 2039 dit
499 1989 745 2057 propriae,
774 1989 1103 2040 districtione
1130 1988 1370 2040 ciborum
1409 1997 1463 2039 et
1488 1996 1650 2056 potus
1678 1987 1949 2056 captivum
1986 1988 2218 2053 conficit,
2245 1996 2300 2040 et
2336 1987 2393 2039 id

397 2073 667 2124 modicum
696 2092 801 2142 quo
828 2074 1087 2125 utendum
1133 2073 1181 2125 ei
1208 2080 1457 2124 censetur
1480 2090 1576 2140 per
1601 2073 1888 2123 fenestram
1923 2079 1987 2123 ut
2010 2091 2136 2124 urso
2162 2072 2392 2141 projicit.

400 2158 686 2210 Neminem
713 2158 915 2227 patitur
940 2159 1187 2210 accedere
1227 2158 1377 2227 quasi
1415 2158 1546 2208 nulli
1590 2157 1753 2208 fidem
1797 2156 2008 2222 habeat,
2050 2158 2222 2209 sciens
2250 2159 2394 2227 quod

397 2243 570 2294 omnis
598 2242 845 2312 superbia
871 2244 1009 2295 fame
1036 2244 1300 2306 domatur,
1327 2252 1382 2295 et
1407 2243 1552 2311 quod
1581 2244 1724 2295 Raso
1752 2261 1862 2294 suae
1889 2243 2058 2295 credit
2083 2243 2391 2312 impensum

400 2327 642 2379 fidelitati
667 2329 722 2379 in
748 2329 1061 2397 injuriosam
1087 2329 1191 2398 ipsi
1218 2329 1359 2380 cedit
1396 2328 1690 2380 libidinem.
1768 2327 2036 2393 Creditur,
2071 2337 2126 2380 et
2150 2328 2397 2381 laudatur

402 2414 490 2482 qui
531 2413 714 2477 credit,
755 2421 809 2465 et
851 2415 1030 2466 laudat
1051 2436 1067 2480 3
1125 2415 1206 2466 vir
1248 2414 1463 2479 fallitur,
1501 2432 1601 2466 nec
1645 2413 1857 2478 mirum,
1901 2414 2209 2467 verissimos
2253 2415 2398 2467 enim

401 2519 606 2552 amores
633 2500 882 2569 exprimit
907 2519 1042 2553 uxor
1083 2501 1381 2571 hypocrita.
1458 2501 1688 2553 Securus
1717 2500 1828 2552 exit
1852 2500 1918 2551 ad
1947 2501 2317 2570 expeditiones
2344 2510 2399 2554 et

401 2585 580 2654 praelia
606 2587 765 2649 Ras0,
794 2593 847 2636 et
874 2585 975 2636 sibi
1001 2603 1067 2637 ex
1092 2585 1198 2637 fide
1223 2585 1405 2637 uxoris
1433 2586 1580 2637 domi
1604 2586 1816 2638 videtur
1842 2604 1959 2638 esse
1987 2587 2115 2637 dum
2142 2586 2273 2643 foris
2298 2594 2397 2638 est.

404 2672 577 2723 Nacta
608 2671 769 2739 igitur
793 2670 1092 2723 libertatem
1117 2671 1260 2740 lupa,
1289 2671 1551 2740 susceptis
1592 2672 1660 2723 ad
1686 2689 1920 2723 amorem
1949 2671 2050 2723 sibi
2077 2672 2398 2724 servandum

405 2775 745 2825 quascunque
765 2757 923 2826 jubet
949 2757 1303 2821 cautionibUS,
1349 2775 1510 2825 eques
1538 2776 1661 2809 cum
1704 2757 2001 2809 admirabili
2027 2758 2250 2827 decepta
2276 2778 2398 2811 cus·

406 2840 550 2892 todia
571 2841 705 2892 clam
732 2840 948 2892 recedit.
1003 2840 1213 2892 Insidet
1238 2841 1562 2892 admirabilis
1584 2859 1721 2911 equo
1743 2842 1946 2894 Rasoni
1966 2842 2258 2907 carissimo,
2279 2843 2402 2912 quia

411 2933 464 2976 et
490 2925 696 2993 optimo
726 2932 781 2976 et
804 2925 1046 2977 omnium
1071 2924 1281 2994 impari,
1308 2925 1502 2994 quibus
1528 2925 1585 2976 in
1624 2934 1807 2995 optata
1839 2927 2054 2979 civitate
2078 2928 2307 2997 receptis
2334 2928 2400 2980 ad

408 3018 637 3061 castrum
667 3029 825 3062 suum
851 3011 994 3062 Raso
1020 3011 1332 3075 revertitur3
1371 3011 1521 3062 audit
1546 3019 1600 3063 et
1626 3011 1789 3077 dolet,
1810 3019 1865 3065 et
1888 3012 1945 3064 in
1970 3013 2074 3065 hoc
2097 3032 2152 3066 se
2169 3013 2401 3066 maxime

412 3094 644 3146 derisum
672 3097 816 3160 dicit,
837 3097 981 3165 quod
1012 3104 1196 3148 contra
1224 3096 1429 3148 fabulas
1457 3106 1511 3149 et
1535 3098 1784 3150 historias
1810 3106 1865 3151 et
1890 3099 2131 3151 omnium
2156 3099 2223 3151 ab
2249 3099 2404 3151 initio

411 3178 627 3229 consilia
667 3179 969 3247 sapientum
1011 3198 1068 3232 se
1094 3180 1307 3232 feminae
1334 3181 1649 3243 crediderit3
1688 3201 1799 3235 non
1834 3190 2017 3235 tamen
2054 3182 2401 3246 admirabiliS‚
2472 3248 2474 3250 ι

408 3278 519 3311 non
543 3263 742 3328 uxoris,
769 3282 878 3315 non
904 3283 1089 3317 eorum
1130 3266 1215 3334 qui
1245 3267 1504 3331 tulerunt,
1532 3268 1625 3319 sed
1667 3269 1832 3320 solius
1871 3269 1994 3338 equi
2030 3270 2294 3338 jacturam
2319 3268 2404 3319 in-

411 3351 697 3412 temperate
724 3348 941 3417 plangit,
968 3368 1066 3401 nec
1091 3350 1186 3403 filii
1213 3369 1310 3404 nec
1335 3352 1548 3405 familiae
1575 3354 1941 3407 consolatione
1967 3354 2192 3407 levatur.
2270 3354 2403 3406 Post
