2638 3860
323 328 426 379 Cap.
449 328 510 378 v.]
967 333 1046 367 DE
1088 334 1271 370 NUGIs
1314 335 1689 373 oomAmUM.
2199 331 2297 377 211

293 469 410 538 ejus
439 469 684 539 Paganus
711 470 854 523 filius
880 471 918 524 J
921 472 1150 525 ohannis
1195 474 1420 544 singulis
1462 476 1715 530 noctibus
1757 477 1968 548 singula
1995 480 2301 533 sextercia*

292 555 422 621 vini,
451 556 651 608 scilicet
670 557 726 608 in
756 557 1060 610 subsidium
1082 560 1242 630 regiae
1269 561 1405 628 sitis,
1426 571 1481 614 et
1507 565 1673 616 semel
1693 572 1786 616 aut
1802 563 1885 617 bis
1903 573 1997 618 aut
2022 585 2299 636 nunquam

291 642 579 711 petebatur
620 643 678 694 in
718 663 877 709 ann0,
902 644 1028 697 inde
1071 646 1318 716 Paganus
1364 656 1420 700 et
1458 649 1612 718 pueri
1658 650 1830 702 securi
1873 658 2052 704 totum
2097 652 2299 722 saepius

292 728 583 780 ebibebant
606 728 662 780 in
689 729 863 781 noctis
903 729 1076 782 initio.
1155 730 1400 801 Contigit
1444 741 1506 785 ut
1549 752 1643 787 rex
1685 735 1740 786 in
1783 736 2072 789 conticinio
2109 737 2294 790 vinum

290 822 515 882 peteret,
559 822 615 866 et
657 833 767 866 non
819 823 950 868 erat.
1051 816 1234 886 Surgit
1279 818 1542 888 PaganUS,
1586 820 1872 891 puerisque
1925 822 2119 888 citatis,
2162 823 2298 874 nihil

291 899 520 952 invenit.
614 900 993 970 Deprehendit
1036 919 1129 954 eos
1174 921 1269 955 rex
1314 918 1574 958 venantes
1610 907 1798 959 vinum
1839 914 1894 959 et
1934 927 2044 960 non
2088 908 2297 961 inveni-

289 994 460 1039 entes,
551 986 799 1039 Advocat
838 1005 963 1057 ergo
1018 988 1290 1056 Paganum
1334 998 1654 1043 trementem
1711 1000 1766 1045 et
1808 993 2075 1059 timidum,
2116 1002 2171 1047 et
2203 995 2295 1059 ait,

287 1073 494 1126 “Quid
542 1073 694 1124 hoc?
758 1091 941 1125 nonne
987 1092 1200 1144 semper
1240 1075 1429 1127 vinum
1480 1076 1690 1129 habetis
1742 1078 2118 1132 vobiscum?''
2195 1080 2294 1132 Ille

287 1158 480 1227 pavide
505 1159 804 1228 respondit,
831 1162 868 1188 ‘⁶
888 1159 1086 1224 Imm0‚
1115 1160 1350 1226 domine,
1378 1161 1600 1231 singulis
1645 1164 1896 1216 noctibus
1939 1165 2146 1235 singula
2172 1183 2291 1217 sex-

286 1244 450 1296 tercia
476 1244 760 1308 sumimuS,
787 1252 842 1296 et
881 1245 1237 1298 desuetudine
1274 1254 1467 1299 vestrae
1503 1247 1620 1299 sitis
1662 1257 1717 1301 et
1759 1250 2036 1319 petitionis
2075 1252 2165 1303 illa
2190 1252 2292 1303 fre-

286 1338 513 1400 quenter
565 1338 660 1382 aut
713 1349 830 1382 sero
874 1330 1111 1382 bibimus
1164 1339 1258 1383 aut
1301 1341 1427 1401 post
1471 1334 1870 1402 dormitionem,
1914 1345 1969 1389 et
2009 1337 2222 1390 veniam
2262 1356 2293 1389 a

284 1424 464 1468 vestra
488 1417 724 1485 petimus
752 1416 1116 1469 misericordia
1150 1436 1276 1470 vera
1301 1420 1582 1488 professi.’'
1656 1422 1799 1474 Tum
1825 1441 1936 1488 rex,
1973 1427 2010 1453 ‘⁶
2030 1425 2160 1476 Non
2186 1424 2291 1476 nisi

285 1503 600 1555 sextertium
658 1522 828 1554 unum
881 1503 1131 1555 sumebas
1195 1504 1262 1555 ad
1313 1506 1624 1558 noctem?”
1740 1509 2003 1577 Paganus,
2047 1513 2083 1539 ‘⁶
2108 1510 2289 1562 Non.''

281 1592 316 1618 ‘⁶
338 1589 619 1641 Modicum
645 1588 777 1640 illud
804 1597 917 1641 erat
942 1589 1099 1641 nobis
1128 1590 1373 1654 duobus3
1412 1583 1627 1644 amodo'
1649 1593 1871 1663 singulis
1899 1595 2148 1648 noctibus
2176 1597 2284 1648 duo

283 1694 464 1726 sumas
509 1694 540 1726 a
579 1675 882 1745 pincernis3
921 1676 1158 1744 primum
1199 1676 1315 1741 tibi,
1360 1677 1494 1729 mihi
1540 1680 1893 1733 secundum.”
1970 1682 2057 1734 Sic
2090 1682 2288 1752 Pagani

276 1761 489 1829 justum
529 1759 779 1811 timorem
824 1759 1056 1812 absolvit
1082 1767 1136 1812 et
1179 1760 1316 1830 regis
1357 1761 1624 1830 mitigavit
1657 1763 1790 1815 iram
1830 1783 1955 1817 vera
2001 1766 2286 1832 confessi0‚

279 1845 488 1916 fuitque
528 1852 639 1896 tam
678 1845 837 1914 regiae
881 1846 1086 1898 facetiae
1128 1844 1289 1916 ‘quam
1334 1846 1594 1916 largitatis
1655 1849 1774 1901 loco
1818 1850 2053 1903 rixarum
2092 1859 2147 1904 et
2194 1852 2288 1903 irae

278 1931 520 1984 laetitiam
548 1931 596 1983 ei
621 1931 938 2001 lucrumque
981 1931 1282 1984 refundere.
1361 1931 1580 1984 Meliori
1621 1934 1763 2003 stylo
1803 1934 2142 2008 plurimoque
2179 1954 2288 1988 ser-

280 2035 442 2069 mone
488 2018 683 2086 dignus
724 2025 868 2069 esset
910 2036 1004 2070 rex
1046 2017 1150 2069 iste
1172 2038 1187 2082 3
1231 2017 1325 2069 sed
1367 2017 1433 2069 de
1474 2018 1746 2071 modernis
1789 2028 1889 2085 est,
1927 2039 2026 2074 nec
2070 2022 2118 2074 ei
2160 2021 2288 2074 fecit

280 2103 654 2155 auctoritatem
683 2102 993 2172 antiquitas,

351 2190 471 2240 Rex
495 2196 677 2240 autem
705 2189 964 2253 Franciae‚
990 2188 1284 2258 praedictus
1311 2189 1621 2241 Lodovious
1647 2208 1884 2258 grossuS,
1910 2192 1993 2243 vir
2018 2192 2284 2244 maximus

277 2282 391 2328 erat
430 2293 669 2344 corpore,
728 2293 828 2326 nec
871 2275 1048 2326 minor
1094 2273 1347 2343 operibus
1393 2281 1448 2325 et
1490 2282 1688 2326 mente.
1783 2275 2090 2328 Lodovious
2140 2277 2282 2328 filius

278 2360 467 2415 Karoli
493 2360 671 2430 magni
691 2365 723 2422 †
760 2362 1021 2430 jacturam
1065 2360 1308 2412 omnium
1340 2359 1662 2428 optimatum
1691 2360 1928 2413 Franciae
1954 2362 2062 2414 fere
2088 2363 2279 2415 totius-

276 2466 378 2517 que
430 2447 633 2499 militiae
686 2447 1015 2499 Francorum
1079 2446 1223 2515 apud
1286 2445 1466 2496 Evore
1530 2463 1628 2514 per
1689 2445 1910 2497 stultam
1975 2448 2280 2517 superbiam

276 2533 490 2584 Radulfi
523 2532 868 2584 Cambrensis
912 2532 1127 2602 nepotis
1173 2531 1257 2583 sui
1294 2530 1533 2600 pertulit,
1576 2530 1704 2582 satis
1749 2549 1886 2600 aegre
1912 2532 2051 2584 rexit
2086 2532 2152 2584 ab
2190 2533 2280 2584 illa

274 2619 359 2671 die
385 2638 611 2687 regnum
639 2621 968 2671 Francorum
996 2618 1064 2670 ad
1089 2618 1380 2669 adventum
1400 2634 1572 2685 usque
1596 2616 1907 2668 Gurmundi
1933 2636 2056 2669 cum
2083 2619 2278 2671 Ysem-

271 2705 458 2770 bard0,
503 2713 689 2758 contra
729 2724 864 2775 quos
909 2724 1031 2757 cum
1076 2702 1303 2756 residuis
1342 2702 1668 2753 Francorum
1706 2702 1907 2754 bellum
1941 2703 1997 2754 in
2043 2704 2277 2756 Pontino

272 2792 559 2856 commisit,
586 2792 863 2862 victorque
908 2809 1153 2844 reversus
1198 2796 1282 2841 est
1322 2806 1444 2840 cum
1471 2787 1795 2856 paucissimo
1822 2789 2098 2853 comitatU,
2125 2790 2276 2842 caesis

271 2876 520 2928 hostibus
580 2876 690 2928 suis
750 2895 848 2946 pro
893 2884 1045 2946 parte
1085 2873 1295 2942 majori,
1348 2871 1709 2940 recedensque
1749 2872 1979 2924 decessit
2021 2873 2078 2924 in
2126 2873 2277 2926 brevi

269 2970 381 3013 tam
424 2962 645 3014 laesione
690 2981 850 3031 quam
894 2961 1075 3013 labore
1115 2957 1366 3029 praedicti
1409 2956 1579 3026 praelii
1617 2975 1740 3008 cum
1765 2957 2013 3009 lamentis
2040 2966 2095 3011 et
2128 2959 2278 3011 luctu

270 3048 438 3100 totius
485 3048 742 3100 Franciae.
846 3046 1222 3100 Communiter
1277 3043 1343 3095 ab
1396 3043 1540 3094 illius
1586 3043 1848 3095 Lodovici
1902 3044 2124 3097 decessu
2165 3063 2272 3097 non

323 3157 345 3180 ²*
376 3157 464 3195 The
501 3157 597 3196 MS.
631 3157 747 3196 reads
778 3157 967 3204 extertia,
998 3155 1096 3195 with
1126 3154 1244 3200 aliae,
1354 3153 1380 3203 †
1412 3150 1539 3189 Louis
1572 3150 1609 3188 le
1636 3150 1911 3198 Debonnahe,
1932 3152 2023 3190 who
2054 3153 2277 3192 succeeded

267 3225 459 3262 sexterna
484 3223 526 3261 in
553 3224 621 3262 the
647 3223 821 3274 margin.
878 3223 964 3261 The
995 3223 1117 3261 latter
1136 3222 1248 3261 word
1305 3218 1371 3257 his
1390 3218 1522 3256 father
1544 3217 1835 3269 Charlemagne
1869 3219 1911 3256 in
1932 3219 2026 3258 814.
2086 3220 2152 3258 He
2185 3220 2277 3259 died

269 3291 305 3329 is
335 3291 463 3330 found
488 3291 700 3330 elsewhere
731 3291 774 3329 in
804 3290 1011 3330 Medieval
1037 3289 1156 3329 Latin
1186 3289 1250 3328 for
1306 3283 1348 3323 in
1369 3286 1463 3332 840,
1480 3298 1504 3323 a
1522 3284 1662 3324 Victim
1683 3289 1726 3323 ¹30
1747 3285 1816 3324 the
1835 3286 1929 3324 civil
1948 3288 2217 3328 commotions
2236 3291 2279 3327 to

269 3360 487 3397 semer-cia.
1303 3354 1435 3392 which
1453 3354 1516 3393 his
1538 3354 1743 3393 weakness
1763 3353 1843 3392 had
1863 3354 1982 3405 given
2003 3355 2094 3395 rise.
