2638 3860
353 358 419 405 22
1073 357 1380 394 GUALTEm
1422 355 1621 392 MAPES
2054 346 2252 397 [Distinc.
2275 345 2311 384 Ι.

348 493 549 545 mixtus
575 488 876 558 incognitus
902 485 1030 545 ibat,
1055 490 1195 534 retro
1224 498 1434 550 semper
1458 477 1745 530 intendens
1772 474 1839 525 ad
1859 473 2203 536 monachum,
2232 487 2341 522 suae

348 578 615 646 neglector
639 575 762 626 vitae
806 579 868 622 ut
911 570 1025 637 ejus
1068 567 1234 618 vitam
1275 563 1625 631 extingueret.
1702 559 2007 611 Monachus
2051 565 2187 609 aestu
2230 565 2342 606 tam

349 659 543 711 laboris
570 676 727 726 quam
755 656 880 707 solis
908 671 1043 723 pene
1071 651 1379 712 suffocatus,
1406 646 1574 698 accito
1594 662 1779 714 puero,
1800 643 2012 695 vineam
2029 641 2342 711 ingreditur,

348 760 491 793 arma
517 741 752 808 deponit,
787 746 841 790 et
867 739 993 789 dum
1020 740 1378 805 pertranserat
1403 730 1666 782 exercitus
1694 745 1836 778 aurae
1863 744 1919 777 se
1947 725 2047 776 sub
2074 724 2200 777 vitis
2221 724 2342 775 altae

351 833 637 877 tractatura
701 822 1040 875 seminudum
1102 837 1253 871 secus
1299 815 1536 885 exponit.
1613 811 1862 863 Proditor
1920 828 2045 876 ergo
2088 809 2175 860 via
2219 826 2343 859 cum

345 909 612 960 viantibus
638 907 836 970 relicta,
864 922 1127 973 suspenso
1145 920 1330 971 gressu
1355 899 1540 951 furtim
1560 896 1803 958 illabenS,
1824 893 2152 945 monachum
2174 891 2340 943 misso

346 993 506 1044 laetali
532 993 638 1044 telo
681 992 932 1060 perforat,
978 996 1032 1040 et
1071 987 1282 1055 refugit.
1358 985 1458 1035 Ille
1501 1001 1556 1034 se
1601 981 1762 1032 morti
1799 978 2104 1047 proximum
2148 976 2342 1041 sciens,

347 1096 513 1147 puero
540 1077 630 1145 qui
674 1077 818 1127 solus
857 1076 1037 1126 aderat
1079 1078 1295 1141 peccata
1333 1070 1547 1130 fatetur,
1590 1063 1962 1134 poenitentiam
2008 1062 2110 1113 sibi
2149 1068 2341 1130 petens

349 1161 573 1229 injungi.
649 1160 747 1211 Ille
778 1167 839 1210 ut
863 1159 1027 1209 laicus
1073 1175 1128 1208 se
1162 1154 1365 1206 nescire
1404 1153 1566 1220 jurat.
1643 1148 1948 1200 Monachus
1975 1154 2172 1210 autem,
2199 1146 2344 1197 utin

351 1245 598 1297 omnibus
642 1251 754 1295 erat
793 1261 910 1295 acer
950 1241 1184 1311 agendiS,
1228 1237 1532 1290 acutissime
1581 1233 1868 1303 poenitenS,
1909 1232 1999 1295 ait,
2057 1235 2091 1260 ‘⁶
2110 1232 2341 1300 Injunge

351 1329 482 1380 mihi
507 1346 601 1397 per
625 1327 1038 1379 misericordiam
1085 1324 1204 1387 Dei,
1247 1321 1526 1373 karissime
1569 1318 1663 1381 fili,
1703 1324 1766 1368 ut
1806 1317 1863 1367 in
1904 1316 2122 1369 nomine
2166 1317 2339 1368 Jhesu

357 1412 559 1464 Christi
580 1412 648 1463 sit
671 1412 725 1463 in
751 1412 957 1463 inferno
984 1410 1159 1460 anima
1184 1425 1303 1458 mea
1326 1403 1697 1474 poenitentiam
1723 1420 1883 1470 agens
1921 1419 2091 1469 usque
2117 1401 2172 1452 in
2201 1401 2344 1452 diem

346 1496 549 1564 judicii,
586 1503 647 1547 ut
671 1504 799 1547 tunc
825 1496 1136 1547 misereatur
1161 1492 1267 1544 mei
1307 1489 1594 1550 Dominus,
1640 1506 1708 1539 ne
1749 1505 1872 1538 cum
1911 1485 2091 1554 impiis
2131 1486 2343 1537 vultum

350 1580 542 1631 furoris
568 1588 622 1630 et
646 1580 736 1631 irae
761 1580 1024 1632 videam.’'
1098 1579 1250 1628 Tunc
1275 1593 1407 1644 puer
1433 1575 1481 1625 ei
1507 1592 1628 1625 cum
1647 1570 1879 1623 lacrimis
1907 1570 1998 1632 ait,
2039 1573 2074 1598 “
2091 1570 2346 1635 Domine,

350 1664 570 1731 injungo
596 1663 694 1714 tibi
719 1664 774 1714 in
801 1661 1169 1731 poenitentiam
1205 1660 1349 1728 quod
1391 1658 1480 1709 hic
1507 1676 1686 1709 coram
1713 1654 1953 1708 Domino
1981 1654 2346 1706 distinxerunt

350 1745 488 1796 labia
529 1745 672 1796 tua.''
747 1746 821 1795 Et
844 1744 932 1795 ille
957 1742 1133 1795 verbis
1172 1748 1227 1793 et
1268 1740 1424 1792 vultu
1464 1756 1705 1790 annuens
1749 1738 1941 1791 devote
1988 1737 2242 1808 suseepit,
2289 1747 2344 1791 et

355 1829 597 1881 decessit.
672 1829 739 1879 In
776 1828 1086 1880 memoriam
1124 1827 1211 1878 hic
1249 1831 1567 1877 revocentur
1603 1822 1766 1875 verba
1806 1824 2183 1876 misericordiae
2229 1843 2346 1894 quae

355 1913 446 1976 ait,
471 1913 526 1963 in
554 1931 866 1981 quacunque
885 1914 1016 1964 hora
1040 1909 1359 1980 ingemuerit
1384 1914 1631 1977 peccator
1658 1906 1834 1958 salvus
1871 1908 1987 1959 erit.
2055 1908 2346 1961 Quomodo

355 1998 534 2066 potuit
552 1998 638 2048 hic
655 1997 1016 2065 ingemiscere,
1033 2005 1086 2048 et
1102 2014 1211 2047 non
1233 1995 1374 2057 fecit,
1397 1994 1441 2044 si
1458 1993 1586 2061 quid
1603 2011 1670 2044 ex
1690 1992 2125 2061 contingentibus
2143 1993 2344 2055 omisit,

357 2081 497 2133 inter
521 2100 620 2133 nos
648 2082 718 2133 sit
743 2081 1051 2150 disputatio,
1079 2086 1133 2131 et
1158 2079 1349 2130 animae
1374 2077 1516 2128 illius
1542 2077 1857 2128 misereatur
1876 2078 2045 2129 DeuS.

718 2222 804 2274 De
830 2224 1059 2289 captione
1082 2222 1373 2272 Jerusalem
1388 2237 1489 2286 per
1507 2219 1824 2270 saladinum.
1900 2238 1989 2271 xv.

431 2311 580 2363 Sicut
605 2330 772 2363 annos
798 2313 1126 2363 remissionis
1152 2311 1236 2362 vel
1273 2311 1527 2378 jubilaeos
1554 2329 1584 2360 a
1624 2310 1938 2361 remissione
1982 2311 2069 2362 vel
2106 2330 2136 2362 a
2173 2311 2347 2380 jubilo

359 2394 555 2445 scimus
582 2413 697 2446 esse
724 2395 912 2459 dictos,
939 2414 1107 2446 annos
1135 2395 1336 2446 scilicet
1361 2394 1688 2445 remissionis
1715 2401 1769 2445 et
1805 2395 2005 2462 gratiae,
2047 2396 2347 2448 securitatis

358 2487 411 2529 et
435 2479 596 2547 paciS,
641 2479 982 2530 exultationis
1019 2487 1074 2531 et
1099 2479 1285 2542 veniae,
1310 2479 1483 2530 laudis
1525 2487 1579 2530 et
1616 2479 1834 2542 laetitiae,
1873 2479 1948 2530 ita
1973 2498 2146 2531 annus
2173 2480 2239 2531 ab
2266 2481 2349 2531 in-

358 2563 657 2614 carnatione
698 2564 920 2615 Domini
963 2564 1277 2615 millesimus
1318 2565 1642 2616 centesimus
1684 2564 2042 2632 octogesimus
2085 2566 2347 2633 septimus

358 2646 514 2697 nobis
540 2655 623 2698 est
647 2646 909 2698 nubilaeus
937 2666 966 2697 a
991 2647 1175 2699 nubilo
1204 2648 1480 2711 dicendus,
1518 2655 1629 2698 tam
1670 2647 1857 2698 nubilo
1884 2648 2143 2716 temporis
2188 2668 2349 2717 quam

360 2730 593 2782 tenebris
643 2730 984 2793 infelicitatis,
1029 2749 1200 2781 annus
1238 2730 1446 2781 timoris
1492 2738 1546 2781 et
1588 2730 1733 2793 belli,
1777 2730 2018 2781 moeroris
2060 2739 2114 2783 et
2155 2733 2351 2798 oneris,

360 2813 723 2883 blasphemiae,
749 2814 978 2866 tristitiae
995 2816 1044 2879 3*
1084 2814 1206 2881 quia
1226 2831 1385 2881 quem
1410 2813 1682 2881 hyemales
1711 2814 1981 2866 continuae
2002 2826 2354 2885 crepaverunt

415 2954 440 2979 *
468 2955 555 2994 The
574 2955 820 2994 chroniclers
841 2955 887 2993 of
915 2955 983 2993 the
1017 2955 1115 2993 time
1148 2967 1217 3006 say
1246 2967 1319 2993 no·
1378 2957 1514 2992 motus
1534 2967 1704 3004 magnus
1725 2959 1766 2994 et
1785 2956 2005 3004 horribilis,
2028 2957 2086 2996 ita
2105 2962 2152 2997 ut
2171 2959 2296 2998 etiam
2307 2960 2352 2999 in

364 3022 479 3072 thing
498 3022 542 3060 of
571 3023 640 3060 the
659 3022 843 3073 physical
871 3022 1134 3061 missortunes
1167 3021 1212 3059 of
1241 3021 1322 3058 this
1379 3021 1541 3071 Anglia,
1562 3022 1633 3060 ubi
1665 3035 1757 3060 raro
1792 3024 1979 3074 contigit,
2015 3026 2146 3064 multa
2179 3027 2352 3066 aedificia

361 3101 471 3138 year,
491 3090 646 3138 though
665 3089 761 3140 they
773 3089 898 3139 speak
913 3089 960 3127 of
974 3089 1044 3127 the
1057 3093 1172 3139 great
1185 3088 1319 3127 earth·
1377 3088 1768 3140 subverterentur.”)
1826 3091 1943 3142 They
1961 3104 2028 3130 are
2048 3093 2116 3139 all,
2146 3093 2350 3142 however,

366 3155 496 3204 quake
515 3156 560 3193 of
592 3156 660 3193 the
693 3169 788 3206 year
806 3156 1037 3207 preceding.
1097 3155 1319 3207 (Matthew
1374 3168 1485 3194 more
1506 3169 1552 3195 or
1570 3157 1651 3195 less
1670 3157 1807 3208 prolix
1834 3171 1889 3197 on
1921 3159 1993 3198 the
2023 3159 2213 3198 different
2245 3161 2351 3210 poli-

366 3221 479 3259 Paris
498 3233 602 3271 says,
621 3222 751 3260 under
776 3223 846 3261 the
865 3223 957 3262 date
979 3224 1097 3271 1186,
1129 3226 1156 3245 ‘⁴
1173 3223 1319 3261 Factus
1375 3223 1472 3261 tical
1490 3224 1672 3264 troubles
1691 3225 1824 3265 which
1843 3226 2143 3266 characterized
2161 3226 2231 3266 the
2252 3240 2352 3279 year

365 3291 428 3326 est
445 3287 508 3326 his
528 3287 667 3327 diebus
685 3301 756 3338 per
774 3289 913 3328 orbem
931 3290 1165 3330 universum
1180 3294 1320 3330 terrae-
1379 3293 1396 3328 1
1407 3290 1499 3332 187.
