2638 3860
338 316 438 368 cap.
460 318 525 368 ii.]
938 319 1015 353 DE
1058 319 1241 355 NUGls
1283 318 1657 355 GURIALIUM.
2195 300 2296 360 197

283 460 454 511 usque
481 443 548 495 ad
576 451 825 496 mortem.
905 445 1042 497 Haec
1081 454 1164 498 est
1203 445 1401 498 nobilis
1443 453 1499 499 et
1543 444 1774 498 studiosi
1812 442 1914 496 viri
1954 442 2299 513 triumphalis

284 527 559 593 instantia,
587 547 748 598 quem
776 548 805 581 a
833 529 1014 582 studio
1053 548 1165 581 non
1204 531 1478 583 deterrent
1519 529 1688 582 tussis
1732 536 1826 580 aut
1869 527 2006 592 tisis,
2047 535 2141 579 aut
2171 528 2300 582 ,aliae

286 614 682 684 qualescunque
702 615 1112 684 inaequalitateS,
1141 616 1447 685 angustiato
1468 604 1686 685 >'corpori
1714 613 2076 667 sollicitudine
2095 621 2299 682 marty-

285 698 424 750 rium
469 701 698 753 asciscit.
777 702 921 753 Nam
966 701 1212 754 consulte
1258 701 1548 753 arbitratur
1589 700 1855 771 gloriosus
1882 699 2158 751 effundere
2184 699 2298 750 ani-

231 831 241 841 ,
287 802 429 834 mam
481 785 600 836 Deo
652 785 770 836 luce
816 784 1088 854 sapientiae
1126 785 1437 855 pretiosam,
1483 805 1644 855 quam
1690 785 1793 838 sibi
1848 804 1966 838 eam
2011 786 2296 838 confovere

287 869 490 922 desidia
516 878 571 923 et
591 870 703 923 otio
726 871 1038 940 saginatam.
1117 872 1206 924 Sic
1233 879 1351 924 esto
1377 873 1551 925 usula.

963 1046 1045 1096 De
1065 1045 1376 1111 Apollonide
1399 1061 1559 1112 reye„
1587 1043 1642 1096 ii.

357 1186 713 1269 Apollonides
775 1218 870 1252 rex
924 1200 982 1252 in
1031 1199 1278 1269 partibus
1334 1201 1629 1253 occidentis
1681 1219 1804 1253 cum
1853 1200 2065 1254 infinita
2109 1203 2291 1271 praeda

289 1285 532 1355 spoliatis
553 1286 865 1356 repatriavit
889 1285 1156 1338 hostibus,
1235 1285 1428 1338 Obiter
1455 1287 1718 1339 sacerdoti
1744 1295 1872 1356 post
1890 1305 2014 1339 eum
2040 1288 2293 1341 clamanti

287 1371 432 1438 quod
459 1388 546 1422 xx.
574 1371 640 1422 de
678 1371 788 1421 suis
816 1370 1136 1422 animalibus
1159 1389 1341 1422 secum
1367 1370 1423 1421 in
1449 1371 1893 1440 praeda'duceret,
1911 1380 2132 1442 accepto
2145 1374 2292 1442 jura--

287 1462 490 1518 mentO,
517 1454 608 1519 ait,
636 1455 838 1506 “Tolle
883 1473 1003 1524 quae
1049 1462 1141 1506 tua
1187 1462 1332 1518 sunt,
1370 1463 1426 1507 et
1461 1455 1576 1507 redi
1614 1474 1738 1507 cum
1782 1457 1969 1525 pace.”
2045 1457 2291 1527 Cumque

288 1541 535 1592 sacerdos
571 1540 775 1610 optima
802 1559 868 1592 ex
895 1540 1044 1593 omni
1082 1548 1326 1592 armento
1366 1540 1600 1610 eligeret,
1644 1542 1767 1610 plus
1804 1541 2024 1593 utilitati
2068 1544 2292 1596 studens

287 1645 445 1695 quam
473 1625 704 1690 veritati,
733 1626 826 1678 sed
853 1626 1108 1695 ignorans
1137 1626 1491 1695 Apollonides
1519 1627 1647 1696 quid
1674 1635 1935 1696 ageretur,
1956 1627 2026 1679 ob
2046 1646 2293 1682 reveren-

285 1712 416 1763 tiam
445 1711 528 1762 sui
567 1711 731 1775 siluit,
767 1719 822 1763 et
865 1712 994 1763 dum
1022 1712 1198 1764 adhuc
1224 1711 1555 1764 admirantur
1586 1731 1708 1766 ecce
1747 1713 1912 1765 currit
1948 1715 2194 1767 sacerdos
2235 1723 2291 1768 et

288 1797 388 1848 alia
415 1815 503 1848 xx.
533 1796 694 1847 simili
720 1797 883 1848 modo
906 1805 962 1849 et
979 1797 1154 1866 petiit,
1176 1805 1230 1849 et
1255 1798 1503 1867 perjurus
1529 1805 1591 1849 ut
1615 1798 1762 1867 prior
1787 1798 2018 1863 reduxit,
2034 1818 2157 1869 rege
2181 1819 2294 1853 non

287 1883 603 1952 objurgante
620 1882 746 1934 licet
765 1883 992 1948 offens0,
1011 1901 1240 1951 cumque
1258 1884 1449 1935 tertius
1467 1884 1698 1949 adesset,
1724 1903 1822 1953 pro
1850 1885 2062 1937 duobus
2079 1894 2291 1938 tantum

285 1968 604 2020 animalibus
641 1986 697 2020 se
725 1968 793 2019 ad
813 1969 1106 2038 jurandum
1134 1969 1387 2034 offerenS,
1414 1969 1488 2021 ait
1512 1970 1590 2021 illi
1615 1988 1728 2035 rex,
1749 1974 1785 2001 ‘⁶
1804 1970 1840 2023 J
1845 1989 1939 2022 ura
1981 1989 2080 2040 pro
2115 1990 2205 2024 xx·
2231 1982 2294 2026 ut

285 2055 362 2106 illi
380 2054 470 2123 qui
487 2073 632 2105 nunc
652 2053 1084 2106 abscesserunt.”
1111 2056 1188 2107 At
1208 2055 1315 2120 ille,
1337 2056 1638 2121 “Domine,
1655 2075 1767 2108 non
1794 2057 2099 2126 pejerab0.''
2137 2059 2293 2111 Tunc

287 2158 382 2191 rex
419 2139 582 2190 fidem
621 2139 792 2206 ipsius
818 2157 1158 2191 remunerare
1184 2140 1425 2208 cupienS,
1454 2141 1661 2192 addidit
1685 2141 1763 2192 illi
1789 2159 1913 2193 cum
1940 2140 2151 2194 duobus
2179 2143 2291 2196 suis

287 2233 506 2278 centum
532 2224 650 2289 alia,
672 2224 874 2288 dicenS,
904 2227 937 2253 ‘⁶
958 2224 1189 2293 Dignior
1214 2233 1298 2276 est
1322 2225 1424 2277 iste
1453 2226 1584 2277 meis
1621 2226 1962 2291 animalibUS,
1990 2228 2082 2296 qui
2121 2229 2294 2282 voluit

288 2311 472 2362 multis
501 2327 677 2362 carere
703 2327 771 2361 ne
796 2310 1078 2378 pejeraret,
1100 2329 1261 2379 quam
1287 2310 1364 2361 illi
1393 2310 1503 2362 suis
1531 2311 1622 2379 qui
1647 2311 1935 2363 voluerunt
1961 2313 2197 2381 pejerare
2223 2332 2292 2366 ne

287 2396 580 2449 carerent.''
657 2396 781 2447 Hoc
818 2396 1015 2447 Hercle
1055 2395 1258 2447 dictum
1294 2402 1349 2446 et
1382 2396 1585 2447 factum
1614 2396 1754 2465 stylo
1800 2396 2021 2465 dignum
2059 2398 2289 2452 Homeri

287 2502 499 2547 cense0,
520 2491 575 2535 et
601 2501 687 2534 me
714 2490 826 2533 tam
853 2481 1082 2551 eleganti
1116 2480 1338 2541 materia
1362 2480 1663 2549 indignum.
1742 2481 1851 2534 Hic
1875 2482 2016 2534 idem
2045 2501 2140 2535 rex
2165 2503 2290 2538 cum

287 2570 527 2622 audisset
565 2587 793 2638 regnum
839 2587 997 2619 suum
1033 2567 1098 2619 ab
1142 2568 1349 2619 advena
1389 2584 1512 2636 rege
1556 2566 1862 2635 inquietari,
1887 2568 2067 2620 missis
2108 2571 2294 2640 explo-

287 2656 555 2708 ratoribus
595 2654 816 2707 edidicit
859 2654 1001 2723 quod
1042 2672 1136 2706 rex
1173 2654 1262 2704 ille
1290 2653 1668 2706 delicatissime
1694 2653 1899 2706 viveret
1923 2654 1978 2704 in
2015 2654 2147 2706 cibis
2172 2674 2294 2724 pre-

289 2742 461 2806 tiosiS,
488 2749 543 2793 et
569 2742 713 2810 quod
756 2740 814 2791 in
852 2747 969 2791 toto
1007 2739 1245 2791 exercitu
1285 2757 1383 2790 suo
1424 2748 1620 2808 praeter
1653 2739 1839 2790 vinum
1868 2739 2004 2790 nihil
2029 2739 2293 2807 biberent,

275 2810 411 2879 ¹cum
438 2827 508 2878 sit
523 2827 580 2877 in
598 2826 841 2895 partibus
867 2825 972 2877 illis
998 2826 1187 2877 vinum
1213 2825 1562 2876 rarissimum.
1638 2824 1945 2876 Attendens
1963 2824 2126 2894 igitur
2145 2828 2291 2896 quod

289 2912 390 2964 sibi
431 2920 487 2963 et
525 2912 673 2980 genti
717 2929 827 2963 suae
867 2930 1003 2979 aqua
1042 2911 1328 2974 sufficeret,
1367 2910 1457 2974 ait,
1499 2914 1535 2939 ‘⁶
1553 2910 1866 2962 Inauditum
1912 2918 1994 2962 est
2037 2930 2067 2962 a
2112 2913 2292 2966 seculo

289 2998 433 3066 quod
461 2997 648 3049 vinum
688 3015 880 3065 aquam
918 2997 1254 3065 superaret.”
1329 2997 1405 3047 Et
1430 3014 1553 3047 cum
1581 2995 1792 3047 diutino
1819 2996 2073 3048 conflictu
2099 2997 2288 3051 vinum

289 3091 343 3135 et
386 3102 577 3152 aquam
621 3082 888 3146 biberent,
915 3082 1077 3134 cessit
1114 3100 1265 3150 aquae
1290 3082 1532 3134 victoria.
1606 3082 1751 3132 Nam
1796 3082 2017 3133 advenae
2043 3081 2170 3134 vino
2218 3083 2294 3135 ibi

290 3169 570 3221 deficiente
607 3169 675 3220 ad
701 3168 887 3220 vinum
928 3167 1220 3220 redierunt.
1299 3167 1464 3219 Hunc
1489 3185 1670 3236 regem
1695 3166 1807 3219 vidi
1832 3174 1887 3218 et
1924 3167 2052 3219 novi
2091 3176 2145 3220 et
2185 3170 2293 3222 odi.

287 3255 427 3307 Volo
465 3263 518 3307 et
563 3274 755 3318 amem,
777 3262 839 3306 ut
872 3254 993 3305 odia
1039 3272 1158 3305 mea
1202 3254 1457 3306 virtutem
1493 3253 1663 3322 ipsius
1710 3252 2008 3322 denigrent,
2037 3272 2136 3306 nec
2162 3255 2295 3307 mihi
