2638 3860
1339 388 1438 433 138

1035 828 1428 881 GUALTERI
1471 825 1725 878 MAPES

630 987 788 1061 DE
868 985 1274 1061 NUGIS
1357 982 2132 1059 CURIALIUM

1008 1152 1414 1202 DISTINCTIO
1452 1152 1765 1204 QUARTA.

956 1437 1149 1504 Incipit
1176 1443 1383 1503 quarta.
1459 1437 1734 1502 Proloyus.
1809 1433 1843 1484 i.

463 1550 554 1600 AD
594 1558 832 1601 nostram
874 1550 1114 1601 omnium
1154 1549 1566 1601 instructionem
1601 1545 1819 1616 expedit
1870 1552 1932 1596 ut
1985 1561 2143 1595 nemo
2189 1541 2382 1594 clausis

393 1633 558 1684 oculis
597 1634 682 1685 vel
718 1634 932 1686 auribus
972 1635 1058 1686 vel
1092 1634 1269 1702 aliquo
1315 1652 1570 1685 sensuum
1616 1630 1916 1683 inofficioso
1964 1629 2128 1693 vivat,
2184 1628 2278 1680 sed
2316 1646 2382 1680 ex

391 1719 550 1771 rebus
586 1728 798 1788 oportet
832 1719 1147 1772 extrinsecis
1180 1719 1501 1772 intrinsecus
1527 1717 1794 1781 aedificari,
1828 1734 1924 1785 per
1950 1716 2064 1767 haec
2091 1732 2236 1786 sane,
2263 1715 2388 1783 quia

394 1804 518 1855 caeci
554 1823 738 1856 sumus
777 1806 841 1856 ad
880 1806 1076 1856 futura.
1153 1805 1446 1856 Praesentia
1480 1804 1723 1872 quaedam
1763 1802 1939 1871 palam
1977 1807 2122 1863 sunt,
2158 1807 2214 1851 et
2249 1818 2385 1868 prae-

394 1890 672 1940 teritorum
693 1890 894 1958 aliquot
920 1909 1037 1958 quae
1063 1909 1172 1942 non
1199 1890 1431 1942 vidimus
1453 1890 1631 1941 videre
1658 1904 2027 1957 properemus.
2106 1885 2243 1938 Quae
2269 1903 2386 1936 non

396 1973 715 2038 audivimus,
771 1994 881 2026 non
939 1975 1292 2038 fastidiamus,
1357 1974 1450 2025 sed
1513 1973 1634 2024 Deo
1684 1973 1863 2022 futura
1929 1971 2389 2034 commendantes,

396 2058 669 2109 informari
693 2059 1006 2110 festinemus
1034 2078 1099 2111 ex
1124 2059 1208 2110 his
1234 2059 1290 2109 in
1322 2058 1516 2126 quibus
1542 2057 1699 2108 nobis
1726 2055 1996 2107 Dominus
2033 2054 2389 2119 imitatione—m

398 2143 596 2210 posuit,
623 2150 714 2193 aut
738 2144 917 2211 fugam
943 2151 1191 2195 nostrum
1219 2160 1430 2211 semper
1457 2148 1670 2192 orantes
1707 2138 1988 2207 refugium,
2014 2146 2077 2189 ut
2115 2139 2390 2190 electionis

398 2245 544 2294 purae
571 2227 835 2279 bonorum
871 2228 986 2296 ipse
1024 2228 1078 2278 in
1116 2228 1272 2278 nobis
1310 2226 1763 2289 consecutionem,
1790 2232 1844 2276 et
1872 2225 2011 2292 fugae
2041 2224 2387 2292 malignitatis

396 2312 511 2380 ipse
549 2312 705 2363 faciat
741 2313 1010 2381 effugium.
1085 2312 1257 2363 Video
1295 2312 1523 2380 juvenes
1551 2329 1669 2379 quae
1709 2310 1898 2361 vident
1939 2317 1994 2360 et
2031 2309 2259 2361 audiunt
2301 2310 2387 2362 vel

401 2415 645 2465 spernere
694 2398 780 2449 vel
828 2398 1228 2466 parvipendere,
1270 2398 1574 2465 multosque
1619 2395 1765 2447 domi
1814 2402 2107 2463 torpenteS,
2162 2414 2390 2464 quorum

402 2491 646 2534 senectus
674 2490 765 2533 aut
789 2483 908 2534 vilis
936 2490 1018 2534 est
1055 2491 1149 2534 aut
1174 2483 1599 2534 mediocritatem
1627 2499 1737 2532 non
1758 2481 1952 2532 evadit.
2030 2481 2262 2532 Puerum
2281 2481 2393 2533 vidi

402 2568 467 2619 de
493 2568 643 2636 cujus
670 2569 828 2619 etiam
856 2568 1171 2637 cognatione
1211 2567 1424 2636 glorior,
1448 2568 1604 2619 ‚inter
1630 2585 1729 2617 nos
1756 2573 1811 2617 et
1836 2584 1866 2616 a
1890 2565 2047 2617 nobis
2086 2566 2391 2631 educatum,

403 2671 610 2722 semper
647 2654 712 2704 ab
752 2672 841 2705 ore
881 2654 1144 2704 narrantis
1189 2654 1536 2721 pendentem,
1581 2651 1873 2720 majoribus
1919 2651 2029 2702 suis
2078 2652 2391 2717 haerentem,

401 2739 618 2807 collegia
654 2739 918 2790 bonorum
952 2746 1293 2807 quaerentem,
1319 2738 1478 2790 fortia
1512 2755 1735 2806 quaeque
1774 2744 2093 2801 tentantem,
2113 2756 2390 2807 nunquam

403 2825 652 2887 otiosum,
690 2825 955 2875 indefesse
992 2824 1353 2892 negotiosum,
1402 2823 1672 2874 acerrimae
1711 2822 2066 2890 indagationis
2105 2823 2173 2873 ad
2212 2823 2392 2874 omnia

403 2911 628 2961 honesta
652 2910 708 2960 in
735 2917 945 2960 tantum
972 2916 1034 2960 ut
1059 2928 1182 2960 cum
1208 2927 1318 2960 non
1346 2916 1489 2959 esset
1513 2908 1772 2971 literatus,
1812 2908 1956 2976 quod
1995 2908 2168 2972 dole0,
2208 2927 2394 2977 quam-

402 2994 533 3045 libet
557 2995 829 3046 literarum
856 2994 1045 3046 seriem
1072 2993 1424 3045 transcribere
1453 2991 1626 3043 sciret.
1700 2991 2007 3061 Antequam
2046 3000 2190 3044 esset
2227 3012 2394 3046 anno—

405 3098 523 3129 rum
549 3082 663 3130 xxti.
690 3086 911 3129 matrem
935 3085 1173 3129 nostram
1201 3084 1254 3128 et
1281 3095 1431 3127 suam
1457 3075 1705 3144 Angliam
1732 3075 1914 3140 exivit,
1954 3061 2115 3145 seque
2144 3076 2393 3146 Philippo

409 3165 811 3215 Flandrensium
862 3165 1043 3215 comiti
1086 3165 1259 3215 solum
1310 3163 1658 3231 alienigenam
1717 3162 1881 3226 dedit,
1932 3163 2183 3231 quatinus
2232 3164 2393 3214 armis

406 3249 597 3299 instrui
613 3257 898 3301 mereretur
915 3250 978 3301 ab
995 3250 1133 3318 ipso,
1149 3250 1432 3318 ipsumque
1448 3247 1718 3317 praeelegit
1734 3248 2011 3299 dominum
2021 3269 2036 3312 3
2063 3266 2162 3300 nec
2178 3248 2394 3317 injuste,

411 3332 657 3398 quoniam
678 3332 915 3383 omnium
935 3334 1095 3402 hujus
1113 3332 1368 3401 temporis
1396 3332 1699 3401 principum
1720 3340 1946 3401 excepto
1968 3339 2158 3384 nostro
2181 3340 2391 3384 strenu-
