2638 3860
334 317 436 369 Cap.
457 316 574 367 xxv]
949 312 1026 347 m:
1069 311 1255 348 NUGIs
1297 295 1673 348 CURIALliJM.
2246 300 2310 347 51

302 441 471 512 gratia
497 439 627 492 dicit
650 437 907 509 gaudium
934 447 1018 491 est
1057 456 1219 507 super
1256 457 1367 492 uno
1408 445 1689 508 peccatore
1719 436 2094 508 poenitentiam
2122 443 2312 508 agente

307 546 468 597 quam
497 544 657 596 super
680 524 974 594 nonaginta
998 543 1195 577 novem
1216 525 1429 595 justis*
1454 524 1546 594 qui
1573 543 1682 576 non
1708 524 1961 594 indigunt
1994 522 2312 594 penitentia.

307 612 394 663 Ita
419 618 604 663 noster
623 617 930 679 peccatores
957 616 1127 674 notat,
1155 617 1210 662 et
1234 610 1454 680 recipit3
1481 610 1573 662 isti
1599 617 1958 663 contemnunt
1982 617 2037 663 et
2054 609 2276 679 ejiciunt
2295 628 2310 673 3

305 696 393 748 ille
411 696 503 765 qui
529 696 595 747 ad
610 695 792 764 ipsum
818 694 968 747 venit
987 713 1098 746 non
1125 693 1271 764 ejicit
1294 696 1455 760 foras,
1475 694 1566 747 isti
1591 695 1871 747 venientes
1893 702 2161 747 avertunt.
2224 693 2312 744 De

305 782 424 833 istis
452 781 526 832 ait
551 780 765 845 veritaS,
804 799 835 831 a
873 779 1137 832 fructibus
1172 798 1358 833 eorum
1399 780 1767 848 cognoscetis3
1789 786 1824 843 †
1868 798 1961 833 eos
2008 778 2312 842 audiamus,

307 869 514 919 fructus
541 884 729 918 eorum
753 864 950 929 bonOS,
974 864 1213 934 primum
1238 865 1568 934 pauperibus
1608 866 1813 918 habent
1845 884 2041 918 manus
2080 871 2313 934 apertaS,

308 971 369 1005 ac
393 959 546 1021 parte
567 950 887 1020 dispergunt
911 949 1130 1018 quidem
1157 958 1211 1002 et
1237 950 1385 1015 dant,
1413 950 1507 1002 sed
1534 968 1646 1002 non
1666 950 1934 1016 reficiunt,
1960 949 2085 1019 quia
2115 947 2314 1017 singuli

306 1038 582 1090 modicum
626 1035 756 1105 quid
793 1034 1081 1104 accipiunt,
1120 1041 1175 1086 et
1214 1052 1339 1086 cum
1367 1052 1543 1103 neque
1585 1035 1885 1087 secundum
1927 1052 2081 1086 suam
2121 1032 2311 1085 dicunt

307 1121 692 1174 abundantiam
714 1137 888 1188 neque
909 1118 1208 1171 secundum
1233 1136 1531 1188 pauperum
1552 1118 1923 1188 indigentiam,
1951 1117 2167 1170 sinistra
2183 1117 2310 1169 dare

304 1207 573 1270 videntur,
611 1223 723 1256 non
750 1203 969 1269 dextra3
997 1203 1093 1256 sed
1118 1222 1259 1269 cum,
1285 1211 1346 1255 ut
1373 1203 1554 1256 omnia
1578 1222 1703 1257 vere
1741 1204 1876 1256 nihil
1902 1203 2195 1273 sophistice
2231 1203 2310 1253 fa-

304 1294 465 1356 ciant,
501 1292 811 1344 nullatenus
850 1290 1145 1361 aequabunt
1182 1289 1423 1343 Domino
1463 1291 1615 1359 quod¹
1662 1290 2022 1355 abstulerunt,
2060 1289 2185 1358 quia
2220 1286 2310 1340 vel

302 1379 484 1431 nullus
511 1385 595 1430 est
612 1377 700 1430 vel
723 1376 881 1446 pauci
901 1384 1028 1429 sunt
1055 1395 1241 1429 eorum
1268 1383 1587 1439 conventuS,
1615 1376 1707 1446 qui
1732 1394 1844 1428 non
1869 1375 2053 1445 plures
2078 1372 2306 1426 fecerint

305 1483 521 1534 egenOS,
549 1481 710 1532 quam
736 1461 1027 1514 exhibeant
1052 1461 1350 1530 hospitales
1377 1459 1627 1524 invicem,
1652 1460 1710 1512 id
1744 1468 1846 1525 est,
1883 1460 2025 1512 inter
2063 1477 2120 1511 se
2160 1477 2307 1510 sum-

305 1549 381 1600 mi
401 1548 609 1600 ratione
635 1554 868 1617 possunt
892 1564 1029 1612 esse,
1057 1547 1153 1599 sed
1178 1564 1291 1597 non
1316 1545 1494 1611 nobiS,
1521 1546 1759 1598 Domine
1786 1547 1940 1598 Deus
1966 1552 2169 1609 noster,
2194 1561 2308 1596 non

303 1635 462 1687 nobis
482 1634 585 1686 his.
662 1633 816 1687 Quos
842 1633 1037 1686 timore
1062 1631 1348 1702 potestatis
1375 1632 1462 1684 vel
1487 1632 1868 1701 euvangendos
1893 1630 1951 1698 (Ρ)
1983 1629 2303 1698 suscipiunt,

304 1727 424 1772 toto
452 1718 736 1788 splendore
761 1717 979 1787 popinae
997 1717 1378 1787 propitiantur,
1403 1723 1521 1770 tota
1544 1716 1728 1769 vultus
1755 1723 1811 1768 et
1834 1715 2125 1768 verborum
2151 1715 2307 1767 adest

302 1804 511 1869 laetitia,
536 1803 669 1872 ipsis
700 1821 888 1856 eorum
925 1810 1038 1855 tam
1077 1802 1310 1872 benigne
1350 1810 1464 1855 tam
1503 1801 1921 1854 misericorditer
1961 1808 2180 1870 apertus
2221 1807 2306 1852 est

304 1889 473 1953 sinuS,
497 1895 610 1940 tam
647 1887 962 1957 simpliciter
987 1894 1098 1939 tam
1136 1887 1356 1940 idiotice
1382 1895 1577 1940 cuncta
1606 1887 1847 1956 profusa,
1872 1886 2057 1939 credas
2085 1884 2304 1955 angelos

303 1993 423 2028 esse
442 1992 553 2026 non
578 1973 845 2037 homineS,
873 1980 928 2025 et
951 1972 1007 2024 in
1035 1972 1262 2025 abcessu
1288 1980 1384 2025 tuo
1411 1971 1689 2025 miraberis
1715 1972 1902 2024 laudes
1923 1989 2127 2023 eorum.
2185 1971 2306 2022 Nos

303 2068 486 2112 autem
510 2057 758 2128 AEgyptii
794 2066 849 2110 et
888 2057 1027 2127 vagi,
1062 2057 1154 2127 qui
1195 2075 1295 2127 pro
1334 2059 1456 2111 Deo
1499 2058 1614 2110 solo
1655 2055 1995 2126 suscipimur,
2022 2055 2158 2106 nihil
2199 2055 2306 2107 nisi

304 2144 580 2197 caritatem
606 2142 915 2210 alleganteS,
952 2143 1080 2195 illuc
1104 2143 1246 2195 ultra
1278 2162 1390 2196 non
1427 2142 1764 2205 revertimur,
1791 2143 1922 2194 dum
1948 2141 2077 2192 alias
2113 2140 2304 2210 aliquae

301 2227 575 2298 patuerint
610 2234 782 2296 portae
820 2227 907 2279 vel
944 2227 1141 2292 bursae,
1181 2228 1272 2297 qui
1314 2229 1641 2298 respondere
1680 2228 1856 2298 possit
1902 2234 2032 2297 post
2069 2228 2304 2296 hymnos

299 2311 638 2382 vespertinos
663 2311 938 2364 neminem
964 2321 1214 2365 nostrum
1240 2321 1335 2366 aut
1366 2321 1566 2366 vocant
1602 2321 1696 2366 aut
1720 2315 1944 2366 trahunt
1982 2319 2077 2364 aut
2113 2312 2301 2380 hospi-

302 2400 441 2452 tium
479 2398 759 2468 patiuntur
782 2398 1006 2467 ingredi,
1034 2416 1157 2450 cum
1182 2406 1311 2467 post
1333 2398 1521 2467 longas
1549 2398 1720 2451 dietas
1755 2397 1924 2467 magis
1955 2414 2019 2449 eo
2057 2404 2302 2464 tempore

304 2485 455 2555 quies
482 2490 701 2554 optetur
737 2490 793 2535 et
831 2482 1071 2547 refectiO,
1098 2482 1273 2551 sitque
1306 2483 1523 2551 repulsa
1560 2482 1856 2535 molestior.
1932 2482 2020 2533 De
2056 2480 2301 2532 vestibus

302 2588 489 2623 eorum
527 2576 582 2621 et
625 2569 745 2621 cibo
789 2576 844 2621 et
882 2567 1064 2620 labore
1091 2567 1346 2620 diuturno
1374 2568 1578 2633 dicunt,
1605 2566 1799 2636 quibus
1835 2565 1938 2634 ipsi
1980 2564 2112 2617 boni
2157 2572 2302 2629 sunt,

303 2654 396 2725 qui
437 2653 574 2705 nihil
618 2653 695 2706 eis
729 2653 857 2705 mali
893 2654 1066 2706 facere
1111 2660 1362 2724 possunt,
1401 2653 1546 2722 quod
1570 2659 1751 2705 vestes
1783 2669 1896 2703 non
1937 2649 2210 2703 sufficiunt
2235 2651 2304 2703 ad

300 2740 467 2809 frigus
493 2756 594 2791 nec
619 2738 771 2791 cibus
797 2738 864 2790 ad
890 2738 1142 2803 esuriem,
1179 2738 1332 2791 labor
1357 2745 1540 2791 autem
1577 2738 1877 2790 immensus
1899 2757 1914 2802 3
1942 2743 1998 2789 et
2021 2735 2147 2788 inde
2167 2736 2302 2788 mihi

300 2825 506 2878 faciunt
530 2831 905 2893 argumentum
933 2825 1078 2894 quod
1105 2824 1287 2894 cupidi
1312 2843 1424 2876 non
1452 2831 1598 2889 sunt,
1626 2823 1750 2893 quia
1771 2821 1874 2874 sibi
1893 2821 1960 2872 ad
1976 2821 2149 2872 nullas
2171 2821 2302 2873 deli-

301 2910 408 2963 cias
435 2909 694 2978 acquisita
717 2909 1057 2978 perveniunt.
1109 2909 1160 2962 O
1189 2929 1351 2979 quam
1374 2909 1544 2962 facilis
1571 2911 1639 2963 ad
1662 2911 1767 2962 hoc
1791 2907 2072 2977 responsio
2096 2906 2106 2958 !
2133 2908 2302 2961 foene—

301 3002 504 3047 ratores
549 3001 604 3045 et
647 2993 953 3063 quicunque
997 2994 1232 3047 avaritiae
1283 2995 1612 3060 deserviunt,
1650 3012 1833 3047 nonne
1882 2992 2193 3062 parcissime
2245 3011 2302 3046 se

300 3079 542 3134 vestiunt
579 3085 635 3131 et
671 3077 848 3131 viliter
887 3079 1187 3132 exhibent?
1227 3087 1283 3132 et
1325 3081 1591 3133 thesauris
1640 3077 1968 3132 incumbunt
2009 3077 2302 3132 morientes

626 3255 652 3283 *
682 3257 783 3297 Luc.
804 3270 871 3297 xv.
891 3260 931 3299 7.
1598 3260 1623 3310 †
1654 3258 1811 3300 Matth.
1832 3259 1903 3299 vii.
1928 3260 1993 3300 16.
