2638 3860
399 317 502 369 Cap.
516 316 573 357 vi.
595 317 686 368 vii.]
940 317 1017 352 DE
1047 316 1232 353 NUGis
1262 316 1637 354 conbustum.
2281 306 2346 364 73

349 443 474 496 data
515 463 628 497 non
672 452 756 498 est
793 444 1065 498 inventus·
1143 445 1255 499 Qui
1281 444 1419 497 nihil
1444 444 1590 496 aliud
1623 443 1681 496 in
1709 443 1889 496 casula
1914 463 2077 515 quam
2109 444 2350 515 seipsum

345 548 539 599 passus
576 532 751 583 fuerat
790 531 1068 583 eremitam
1100 531 1362 595 invenire,
1407 530 1500 601 qui
1542 530 1813 583 visibilem
1855 531 2126 602 disparere
2177 531 2353 602 coegit

343 616 560 669 hostem
586 617 844 670 invisibili
875 617 1137 687 potentia,
1162 624 1358 686 potens
1385 624 1470 670 est
1494 624 1549 669 et
1573 624 1717 670 certe
1741 617 1897 670 valde
1922 618 2112 671 volens
2138 617 2351 671 abolere

345 719 464 773 quae
488 702 676 768 latent,
701 702 807 754 nisi
831 720 932 755 nos
960 701 1261 754 obstinatos
1286 701 1570 755 invenerit.

997 844 1087 898 De
1108 844 1260 899 Luca
1277 848 1553 914 HunyarO.
1606 847 1699 900 vii.

418 948 544 1001 Vidi
602 947 838 1001 Parisius
890 946 1098 998 Lucam
1138 945 1465 1015 Hungarum
1507 947 1565 998 in
1614 947 1797 999 schola
1848 947 2088 1018 magistri
2134 927 2351 1002 Girardi

347 1035 599 1100 Puellaejss
640 1034 817 1087 virum
853 1033 1147 1084 honestum
1190 1039 1247 1084 et
1281 1032 1420 1085 bene
1453 1032 1745 1098 literatum,
1784 1033 1938 1101 cujus
1980 1052 2168 1087 mensa
2203 1053 2351 1087 com·-

344 1121 525 1174 munis
551 1120 655 1172 fuit
681 1118 783 1171 sibi
810 1136 934 1170 cum
958 1117 1306 1187 pauperibus,
1325 1125 1389 1170 ut
1405 1118 1717 1172 viderentur
1735 1119 1951 1172 invitati
1977 1121 2217 1174 convivae
2237 1139 2349 1173 non

343 1206 611 1259 alimoniae
652 1211 967 1276 quaestores,
1044 1205 1211 1257 Hunc
1253 1205 1467 1258 vocavit
1506 1205 1779 1259 Dominus
1819 1224 1917 1276 per
1961 1225 2142 1277 regem
2188 1209 2351 1271 Hun—

341 1291 519 1361 gariae,
539 1294 573 1353 †
615 1307 712 1359 per
756 1289 957 1341 clerum
998 1295 1054 1341 et
1086 1289 1369 1358 populum,
1404 1290 1472 1342 ad
1498 1289 2019 1362 archiepiscopatum
2046 1290 2350 1360 Strigoniae,

344 1378 532 1446 Hujus
560 1375 694 1427 mihi
717 1374 886 1427 vitam
913 1381 967 1425 et
1004 1391 1182 1427 mores
1207 1383 1337 1445 post
1361 1376 1884 1447 archiepiscopatum
1917 1376 2154 1428 narravit
2183 1377 2349 1446 Hugo

344 1463 426 1514 vir
446 1482 477 1514 a
504 1461 857 1514 Cenomanno
883 1466 1045 1510 natus
1066 1468 1121 1512 et
1138 1461 1394 1514 Acrensis
1421 1462 1726 1532 episcopus
1798 1463 1918 1514 Rex
1945 1462 2257 1531 HungarUS,
2285 1462 2352 1513 de

342 1567 448 1619 quo
489 1547 638 1617 prius
681 1563 875 1609 sermO,
921 1545 1169 1612 decessit,
1208 1547 1381 1601 filium
1421 1549 1716 1614 modicum,
1759 1548 1961 1601 scilicet
2003 1548 2348 1618 puerulum,‡

343 1634 653 1703 relinquens
677 1631 964 1683 haeredem.
1039 1631 1288 1686 Accessit
1326 1634 1489 1705 igitur
1527 1635 1596 1686 ad
1639 1635 1847 1687 Lucam
1885 1634 2350 1705 archiepiscopum

341 1721 505 1772 frater
529 1718 720 1788 regiS‚§
747 1723 940 1786 petens
981 1716 1048 1768 ab
1074 1718 1194 1787 ipso
1219 1719 1276 1772 in
1301 1738 1482 1790 regem
1514 1719 1703 1789 inungi
1740 1727 1796 1771 et
1833 1718 2092 1772 coronari.
2170 1718 2351 1771 Corri-

346 1805 467 1875 puit
490 1805 673 1874 ipsum
698 1803 876 1854 Lucas
903 1809 959 1854 et
983 1804 1306 1872 proditionis
1345 1805 1537 1875 arguit,
1577 1805 1669 1874 qui
1713 1811 1900 1857 contra
1936 1805 2028 1873 jus
2062 1811 2118 1856 et
2142 1822 2350 1856 morem

346 1899 402 1945 et
444 1892 524 1943 fas
566 1888 904 1944 exhaeredare
942 1888 1106 1941 vellet
1143 1890 1509 1955 innocentem,
1550 1898 1606 1943 et
1642 1891 1946 1943 consentire
1982 1890 2175 1943 noluit.
2250 1891 2352 1943 Ille

345 1997 525 2048 regem
576 1995 633 2029 se
681 1974 798 2027 fieri
848 1972 914 2024 ab
965 1974 1069 2027 alio
1108 1976 1354 2046 ejusdem
1402 1976 1553 2047 regni
1597 1976 2020 2047 archiepiscop0,
2071 1976 2140 2027 ad
2189 1994 2351 2045 quem

344 2065 481 2118 nihil
525 2066 591 2117 de
635 2060 981 2117 coronatione
1021 2062 1160 2132 regis
1204 2063 1528 2134 pertinebat,
1567 2062 1821 2128 obtinuit,
1868 2061 2020 2132 quasi
2055 2061 2350 2127 dixissetfil

710 2184 894 2224 Flectere
913 2184 948 2224 si
966 2193 1127 2234 nequeo
1148 2191 1334 2231 superOS‚
1359 2178 1595 2218 Acheronta
1614 2176 1802 2224 movebo,

345 2290 401 2335 et
426 2301 456 2333 a
482 2282 632 2334 Luca
659 2281 842 2333 statim
868 2278 1208 2331 anathemate
1235 2291 1522 2343 percussus
1550 2279 1632 2324 est
1652 2293 1667 2336 3
1707 2271 1800 2342 qui
1825 2290 1854 2324 e
1873 2271 2102 2340 vestigio
2142 2272 2348 2322 Lucam

346 2369 413 2421 de
439 2367 779 2421 absolutione
806 2385 902 2419 sua
927 2363 1090 2416 minis
1117 2359 1446 2414 terribilibus
1486 2376 1719 2427 enseque
1756 2358 1959 2409 nudato
1986 2357 2054 2408 ad
2083 2357 2348 2408 rationem

342 2455 544 2525 posuit,
571 2463 626 2507 et
652 2461 865 2524 spretus
890 2452 1128 2519 itemque
1154 2443 1650 2499 excommunicatus
1671 2442 1851 2511 ipsum
1876 2439 2141 2491 violenter
2166 2438 2349 2489 detru-

344 2538 415 2589 sit
438 2537 496 2588 in
521 2554 802 2600 carcerem,
829 2542 884 2586 et
911 2551 1200 2605 suspensas
1226 2529 1475 2585 ecclesias
1502 2528 1569 2580 ab
1600 2527 1887 2580 interdicto
1914 2541 2121 2576 cessare
2155 2523 2347 2593 coegit.

396 2681 422 2706 ’Ψ
452 2679 599 2720 Girard
616 2679 656 2717 la
686 2679 850 2718 Pucelle
869 2692 950 2718 was
971 2691 995 2717 a
1021 2675 1319 2727 distinguished
1427 2676 1451 2721 Σ
1482 2673 1664 2725 Stephen
1685 2671 1790 2718 111„
1811 2669 1882 2708 the
1901 2668 2031 2706 eldest
2051 2678 2126 2704 son
2146 2665 2192 2704 of
2226 2664 2350 2704 Geisa

346 2750 505 2790 scholar
524 2748 606 2787 and
626 2748 874 2787 ecclesiastic
894 2748 941 2786 of
956 2747 1027 2786 the
1045 2745 1203 2785 twelfth
1219 2758 1316 2784 cen·
1372 2741 1610 2781 mentioned
1646 2740 1789 2778 above.
1858 2737 1925 2775 He
1962 2734 2054 2774 died
2092 2733 2240 2784 during
2277 2733 2347 2772 the

343 2823 453 2869 tury,
485 2816 670 2856 believed
698 2820 742 2855 to
775 2817 878 2855 have
907 2816 1012 2855 been
1045 2817 1070 2854 a
1108 2814 1244 2853 native
1276 2811 1322 2852 of
1373 2810 1615 2862 usurpation
1635 2808 1681 2847 of
1696 2808 1760 2846 his
1780 2806 1937 2845 uncles.
2312 2860 2316 2861 ⁷

344 2885 549 2936 England.
608 2885 675 2923 He
709 2885 803 2923 died
833 2885 878 2923 in
899 2886 1019 2923 1184.
1076 2883 1145 2922 An
1178 2881 1320 2920 article
1431 2882 1451 2926 ξ
1481 2878 1582 2917 This
1615 2889 1696 2915 was
1717 2874 1916 2920 Ladislas,
1946 2873 2017 2911 the
2048 2870 2178 2910 eldest
2203 2869 2251 2908 of
2274 2869 2346 2908 the

344 2968 399 2995 on
418 2955 503 2994 him
524 2954 605 2992 will
622 2953 674 2992 be
692 2953 820 2991 found
846 2953 891 2990 in
920 2953 990 2991 the
1023 2951 1206 2990 Histoire
1226 2950 1317 2988 Lit-
1373 2951 1455 2986 two
1474 2945 1701 2994 remaining
1730 2955 1826 2982 sons
1846 2941 1893 2980 of
1922 2941 2022 2978 Bela
2041 2939 2102 2977 ΙΙ.
2124 2938 2194 2976 the
2214 2937 2348 2976 father

344 3024 491 3064 teraire
511 3022 561 3060 de
581 3021 749 3066 France,
771 3020 849 3058 vol.
870 3020 953 3059 xiv.
975 3033 1018 3070 p.
1039 3020 1136 3058 301.
1372 3015 1421 3054 of
1435 3014 1570 3054 Geisa.
1603 3013 1670 3051 He
1690 3010 1837 3050 caused
1853 3008 2022 3048 himself
2031 3011 2075 3046 to
2094 3006 2145 3044 be
2157 3005 2347 3044 erowned

398 3094 429 3138 †
456 3090 557 3129 This
577 3102 657 3128 was
686 3088 808 3127 Geisa
837 3088 917 3135 IL,
943 3087 1035 3126 who
1062 3085 1156 3124 died
1174 3098 1229 3124 on
1247 3085 1317 3123 the
1372 3084 1416 3122 in
1451 3083 1572 3129 1171,
1602 3081 1697 3127 and,
1732 3080 1836 3118 after
1866 3090 1916 3116 an
1937 3075 2178 3128 usurpation
2210 3073 2257 3113 of
2284 3073 2347 3112 six

342 3163 436 3199 3lst
469 3159 584 3210 May,
622 3157 739 3195 1161.
799 3155 888 3194 The
917 3158 1058 3194 events
1087 3153 1220 3192 which
1238 3153 1315 3191 fol·
1372 3150 1553 3197 months,
1574 3148 1666 3188 died
1687 3148 1782 3186 Feb.
1808 3150 1846 3194 1,
1870 3144 1991 3186 1172.

342 3227 473 3268 lowed
492 3240 559 3266 are
578 3225 798 3265 somewhat
818 3223 1048 3273 differently
1067 3221 1153 3261 told
1173 3221 1227 3272 by
1246 3220 1318 3260 the
1426 3220 1457 3267 ῚῘ
1486 3218 1632 3268 Virgil.
1647 3216 1748 3256 AEn.
1763 3215 1837 3254 lib.
1852 3214 1921 3253 vii.
1938 3214 1967 3253 1.
1982 3214 2079 3251 312.
2139 3210 2226 3250 The
2246 3208 2343 3249 MS.

346 3296 588 3347 Hungarian
606 3294 687 3333 and
707 3292 843 3333 Greek
862 3291 1098 3331 historians.
1372 3286 1489 3326 reads
1510 3286 1700 3325 achonita
1718 3283 1782 3322 for
1799 3283 2052 3322 Acheronta.

418 3382 607 3416 CAMD.
636 3378 758 3415 soe.
2020 3367 2055 3401 L
