2638 3860
400 417 500 462 218
1112 423 1422 459 GUALTERI
1465 422 1664 456 MAPEs
2076 421 2277 472 [Distinc.
2303 420 2355 459 V.

398 567 564 619 muris
610 575 663 619 et
707 565 971 617 domibus.
1049 565 1211 618 Quod
1261 582 1384 615 cum
1424 562 1755 613 innotuisset
1804 560 1931 628 regi,
1976 560 2143 629 jussit
2193 562 2383 613 domos

397 653 550 721 dejici
577 669 861 720 murosque
889 650 1041 715 solvi,
1069 651 1205 701 tanti
1236 650 1435 701 faciens
1472 648 1740 717 querelam
1768 646 2052 710 modicam,
2073 654 2135 696 ut
2161 647 2328 715 magis
2355 665 2386 697 a

394 739 633 807 pluribus
660 737 919 788 fatuitatis
947 745 1272 805 argueretur,
1294 754 1453 804 quam
1475 753 1540 786 ex
1570 733 1930 785 misericordia
1956 732 2173 783 meritas
2199 732 2385 783 laudes

393 823 668 892 acciperet.
744 824 861 874 Nec
888 821 1096 874 destitit
1121 822 1291 872 donec
1330 819 1562 871 rusticus
1590 826 1839 869 mutuum
1874 818 2030 886 longe
2057 817 2250 868 melius
2291 836 2385 886 pe-

392 915 543 971 teret,
571 916 625 959 et
644 908 812 977 petito
842 908 1137 976 susciperet
1157 907 1357 958 utilius.
1436 906 1593 956 Pater
1614 905 1794 973 hujus,
1817 903 2126 954 Lodovicus
2145 921 2383 971 grossus,

390 1012 510 1044 cum
538 994 850 1046 debellatam
881 994 1157 1046 Franciam
1198 991 1297 1044 sub
1324 992 1500 1061 gladio
1538 1009 1634 1042 suo
1674 990 1837 1041 libere
1864 990 2197 1059 possedisset
2223 997 2277 1040 et
2302 990 2383 1040 in-

391 1097 665 1143 concusse,
699 1079 868 1131 filium
910 1098 1068 1129 suum
1104 1077 1520 1147 primogenitum
1563 1076 1873 1144 Philippum
1909 1093 2088 1144 regem
2123 1075 2266 1139 fecit,
2294 1075 2386 1144 qui

389 1173 511 1232 post
536 1166 844 1216 unctionem
874 1184 1024 1216 suam
1052 1173 1104 1216 et
1126 1164 1292 1215 totius
1315 1163 1552 1214 Franciae
1572 1162 1885 1213 fidelitatem
1913 1181 1942 1212 a
1962 1161 2197 1230 paternis
2225 1162 2381 1230 dege-

387 1251 591 1302 neravit
629 1250 885 1315 moribUS,
913 1259 967 1302 et
1006 1251 1191 1319 patriis
1236 1250 1468 1301 deviavit
1508 1249 1790 1313 institutis,
1838 1248 2055 1299 sublimi
2097 1248 2379 1317 supercilio

386 1339 630 1406 fastuque
670 1338 948 1408 tyrannico
990 1337 1249 1388 molestus
1290 1335 1558 1387 omnibus.
1636 1336 1860 1387 Factum
1906 1342 1990 1386 est
2033 1343 2231 1398 autem,
2268 1334 2378 1386 dic-

385 1431 531 1475 tante
559 1425 816 1488 Domino,
843 1443 963 1476 cum
992 1424 1075 1475 die
1108 1423 1335 1490 quadam
1364 1422 1548 1473 multis
1585 1423 1871 1473 comitatus
1899 1421 2168 1491 equitibus
2207 1422 2262 1472 in
2290 1422 2380 1473 illa

382 1518 532 1578 parte
561 1510 791 1561 Parisius
819 1529 937 1579 quae
967 1509 1143 1561 Greve
1171 1509 1365 1561 dicitur
1391 1526 1588 1577 equum
1617 1509 1967 1572 admississet,
2005 1508 2061 1559 in
2087 1509 2242 1559 litore
2282 1509 2379 1560 Se-

382 1614 526 1647 canae
551 1596 832 1665 prosiliens
860 1616 889 1647 a
916 1596 1247 1665 sterquilinio
1274 1613 1469 1663 porcus
1498 1595 1647 1663 niger
1674 1614 1730 1647 se
1758 1596 1857 1646 sub
1897 1594 2126 1664 pedibus
2152 1594 2379 1646 immisit

382 1681 504 1750 equi
531 1682 806 1734 currentis.
873 1681 1089 1733 Corruit
1114 1690 1293 1732 autem
1319 1699 1414 1749 per
1442 1681 1701 1732 offensam
1725 1699 1911 1750 equus,
1939 1681 2181 1749 colloque
2208 1681 2375 1733 fracto

383 1766 609 1818 decessit
633 1784 825 1834 eques3
866 1766 959 1818 sed
986 1784 1179 1834 porcus
1213 1765 1268 1816 in
1307 1765 1565 1816 Secanam
1606 1765 1848 1816 sublatus
1875 1765 2110 1827 emersit,
2137 1765 2374 1834 nullique

380 1852 527 1919 prius
556 1852 835 1902 hominum
861 1852 1008 1903 visus
1026 1851 1158 1902 nulli
1178 1851 1526 1919 postmodum
1549 1850 1846 1919 apparuit.>¹<
1887 1851 2044 1902 Pater
2063 1851 2224 1918 igitur
2241 1851 2375 1918 ejus,

382 1937 689 1988 Ludovicus
730 1956 967 2005 grossus,
1006 1938 1172 1988 immo
1221 1937 1471 1988 dominus
1511 1938 1597 2004 qui
1642 1936 1921 1987 Franciam
1962 1936 2028 1987 ab
2075 1954 2163 1987 ore
2202 1936 2373 1987 leonis

381 2022 590 2090 eripuit,
632 2022 911 2073 substituit
956 2022 1005 2074 ei
1055 2023 1391 2073 Lodovicum
1432 2029 1774 2072 mansuetum
1820 2031 1874 2073 et
1910 2022 2079 2091 pium,
2120 2030 2181 2072 ut
2226 2021 2374 2074 Sauli

380 2106 578 2159 David.
658 2107 761 2158 Hic
787 2126 878 2158 rex
904 2126 1140 2176 grossus,
1168 2126 1290 2158 cum
1327 2126 1356 2158 a
1395 2125 1515 2175 rege
1544 2107 1683 2158 sicut
1710 2125 1870 2175 supra
1910 2107 2143 2158 diximus
2170 2107 2373 2176 Anglo-

378 2210 497 2243 rum
534 2193 771 2244 Henrico
808 2194 982 2244 victus
1022 2193 1248 2244 venissit
1292 2193 1642 2255 Pontisaram,
1683 2210 1793 2243 non
1834 2210 1981 2243 more
2022 2193 2108 2244 vel
2145 2211 2372 2245 moerore

376 2278 502 2329 victi
532 2278 624 2329 sed
652 2278 978 2350 exultatione
999 2277 1214 2329 victoris
1235 2278 1288 2328 in
1311 2295 1493 2328 mensa
1520 2277 1758 2328 convivis
1787 2277 2038 2329 omnibus
2060 2277 2369 2329 laetissimus

376 2362 648 2430 apparuit3
688 2380 914 2431 cumque
941 2361 1259 2413 mirarentur
1284 2369 1338 2413 et
1364 2361 1430 2412 ab
1456 2361 1575 2429 ipso
1603 2370 1903 2430 quaererent
1928 2362 2168 2413 convivae
2203 2370 2368 2415 tantae

374 2446 571 2498 laetitiae
609 2445 870 2497 rationem
911 2446 968 2496 in
1009 2453 1159 2497 tanta
1198 2464 1356 2498 causa
1402 2445 1649 2509 tristitiae,
1695 2447 1994 2514 respondit,
2033 2446 2227 2497 “Mihi
2266 2447 2367 2499 fre-

375 2540 596 2600 quenter
620 2532 674 2583 in
703 2532 952 2584 omnibus
980 2534 1088 2584 fere
1118 2533 1354 2584 Franciae
1380 2532 1578 2583 finibus
1606 2533 1848 2602 contigit,
1868 2542 1928 2584 ut
1953 2552 2097 2584 nunc
2123 2544 2177 2584 et
2203 2533 2369 2585 infor-

372 2617 645 2667 tuniorum
684 2617 982 2685 frequentia
1009 2617 1174 2667 durus
1208 2635 1327 2668 sum
1364 2635 1660 2686 parumque
1687 2636 1904 2683 vereor3
1946 2619 2041 2670 sed
2066 2619 2365 2686 Anglorum

372 2720 464 2753 rex
509 2702 795 2766 Henricus,
831 2702 920 2772 qui
946 2721 1046 2754 nos
1073 2702 1232 2754 hodie
1260 2703 1507 2763 confecit,
1535 2703 1803 2754 continuis
1837 2705 1981 2773 jacet
2012 2704 2067 2754 in
2106 2705 2365 2756 successi-

370 2788 488 2850 bus,
515 2796 568 2839 et
594 2788 683 2856 qui
709 2807 982 2857 nunquam
1009 2789 1208 2857 aliquid
1237 2788 1439 2840 sinistri
1466 2807 1753 2858 perpessus
1776 2799 1876 2854 est,
1905 2791 1949 2841 si
1976 2790 2291 2859 contigisset
2316 2791 2365 2842 ei

372 2874 513 2942 quod
542 2873 716 2936 nobiS,
742 2874 1147 2926 intolerabiliter
1174 2883 1228 2925 et
1252 2874 1604 2926 immoderate
1628 2875 1848 2941 doleret,
1877 2884 1932 2927 et
1950 2894 2060 2945 pree
2086 2876 2363 2929 nimietate

372 2958 567 3011 doloris
602 2958 850 3010 infatuari
888 2961 1062 3028 possit
1087 2968 1180 3011 aut
1206 2960 1360 3024 mori,
1387 2978 1481 3011 rex
1507 2959 1683 3012 bonus
1710 2969 1766 3012 et
1804 2962 1905 3013 toti
1948 2961 2362 3014 Christianismo

370 3044 713 3096 necessarius·
791 3045 925 3096 Inde
962 3052 1152 3113 reputo
1178 3045 1455 3097 victoriam
1484 3046 1599 3115 ejus
1638 3046 1771 3097 mihi
1806 3066 1903 3115 pro
1941 3066 2210 3111 successu,
2238 3047 2362 3116 quia

369 3129 838 3196 perdidissemuS.''
893 3131 1206 3182 Amicabilis
1233 3132 1348 3183 haec
1375 3140 1430 3182 et
1456 3150 1565 3183 non
1591 3132 1857 3185 invidiosa
1881 3134 2180 3203 responsiO.
2245 3134 2362 3186 Rex

369 3212 528 3275 idem,
564 3213 691 3264 dum
731 3215 904 3266 adhuc
944 3215 1292 3267 contenderet
1334 3235 1455 3268 cum
1501 3234 1564 3268 eo
1605 3217 1875 3287 principes
1921 3218 2021 3282 sui,
2063 3218 2359 3287 fuissetque

420 3308 443 3336 *
482 3311 565 3350 The
599 3314 715 3352 death
747 3315 792 3353 of
818 3315 898 3354 this
926 3316 1065 3366 prince
1102 3315 1210 3365 (who
1248 3317 1329 3354 had
1385 3329 1438 3355 on
1479 3317 1624 3356 Easter
1661 3317 1739 3368 day
1761 3316 1902 3370 1129‚)
1934 3319 2031 3357 took
2063 3319 2177 3369 place
2205 3331 2258 3357 on
2290 3319 2359 3358 the

366 3378 466 3416 been
500 3382 757 3420 consecrated
784 3388 825 3420 at
860 3382 1027 3421 Rheims
1048 3388 1089 3421 at
1108 3384 1175 3422 the
1195 3397 1266 3433 age
1288 3385 1333 3422 of
1387 3384 1483 3422 13th
1503 3384 1548 3422 of
1565 3384 1745 3423 October
1767 3386 1886 3432 1131,
1921 3386 2024 3424 after
2054 3386 2187 3424 which
2220 3386 2359 3434 Louis,

368 3446 539 3484 thirteen
572 3460 700 3497 years,
735 3449 788 3499 by
808 3450 871 3487 his
899 3449 1067 3488 father's
1099 3452 1326 3496 command,
1385 3451 1454 3488 the
1473 3463 1654 3501 younger
1673 3451 1852 3499 brother,
1873 3453 2110 3491 sucoeeded.
