2638 3860
309 404 340 451 2
1016 405 1326 443 GUAL'rssm
1366 401 1567 438 MAPEs
1997 395 2198 447 [Distinc.
2220 393 2258 434 Ι.

305 540 421 606 tiar,
448 547 510 591 ut
550 538 718 591 dicam
762 553 878 588 eam
920 529 1319 585 multitudinem
1362 524 1758 596 quodammodo
1804 540 1861 575 se
1903 521 2193 574 habentem
2220 519 2289 571 ad

306 645 474 678 unum
499 623 832 694 principium.
907 615 1205 671 Multitudo
1232 619 1372 666 certe
1404 628 1591 663 sumus
1629 608 1858 673 infinita,
1898 607 1994 659 uni
2036 607 2136 658 soli
2174 606 2290 675 pla-

307 727 422 761 cere
447 707 772 760 contendens
790 725 806 769 3
845 710 899 755 et
914 700 1073 754 hodie
1093 697 1278 750 sumus
1303 714 1411 748 una
1435 693 1746 758 multitud0‚
1777 711 1892 745 cras
1930 692 2129 745 erimus
2156 691 2290 756 alia3

307 793 449 845 curia
471 809 596 844 vero
621 808 729 841 non
754 794 1006 850 mutatur,
1033 784 1218 837 eadem
1244 796 1454 849 semper
1469 785 1553 830 est
1567 798 1583 843 3
1610 777 1946 830 centimanus
1971 777 2118 847 gigas
2135 778 2168 816 ²¹<
2188 782 2291 837 est,

308 875 398 945 qui
439 882 585 926 totus
622 872 896 924 mutilatus
938 876 1086 921 totus
1131 874 1214 919 est
1251 866 1413 928 idern,
1462 871 1517 916 et
1559 863 1894 915 centimanus
1937 862 2110 932 hydra
2150 860 2292 913 mul-

306 967 482 1010 torum
519 957 770 1026 capitum,
814 956 904 1026 qui
941 955 1148 1008 labores
1181 951 1429 1004 Herculis
1470 956 1644 1002 cassat
1686 955 1741 1000 et
1774 947 2090 1013 contemnit,
2123 946 2293 999 invic-

306 1042 497 1094 tissimi
516 1060 734 1093 manum
755 1042 967 1094 athletae
993 1059 1103 1092 non
1131 1038 1309 1102 sentit,
1327 1044 1382 1089 et
1406 1037 1600 1088 Antaeo
1625 1033 1827 1086 felicior
1863 1040 2091 1085 matrem
2125 1031 2294 1084 habet

304 1132 547 1192 terram,†
572 1135 818 1197 pontum,
843 1135 898 1180 et
922 1145 1057 1191 aera,
1082 1145 1192 1178 non
1218 1125 1431 1177 allidere
1469 1123 1536 1174 ad
1560 1129 1748 1191 pectus
1777 1120 2046 1184 HerculiS,
2072 1126 2220 1172 totus
2241 1118 2292 1171 ei

307 1213 445 1264 vires
489 1212 805 1281 multiplicat
830 1211 990 1264 orbis,
1065 1211 1205 1263 Cum
1229 1209 1317 1261 ille
1341 1209 1378 1259 h
1399 1247 1411 1259 .
1430 1247 1442 1259 .
1463 1247 1474 1259 .
1491 1226 1593 1258 nus
1628 1206 1890 1259 Hercules
1927 1205 2173 1269 voluerit,
2198 1204 2295 1256 fiat

307 1298 573 1350 voluntas,
648 1297 705 1349 Si
748 1298 889 1366 quod
935 1296 1161 1348 Boecius
1224 1295 1289 1346 de
1357 1295 1614 1358 fortuna‡
1670 1293 1926 1345 veraciter
1981 1290 2171 1343 asserit
2229 1290 2295 1341 de

311 1383 453 1435 curia
479 1383 782 1447 dixerimUS,
809 1390 948 1435 recte
975 1382 1189 1451 quidem
1216 1388 1270 1433 et
1294 1381 1413 1444 hoc,
1438 1387 1500 1431 ut
1526 1380 1639 1431 sola
1665 1379 1735 1430 sit
1759 1376 2055 1429 mobilitate
2071 1376 2294 1429 stabilis.

313 1467 450 1519 Solis
475 1467 578 1518 illis
605 1467 746 1518 curia
788 1468 961 1535 placet
1000 1467 1091 1535 qui
1131 1466 1353 1535 gratiam
1394 1466 1509 1534 ejus
1553 1470 1971 1532 consequuntur.
2047 1463 2192 1514 Nam
2241 1469 2297 1514 et

309 1553 425 1621 ipsa
465 1552 658 1621 gratias
701 1552 792 1604 dat
810 1573 825 1617 3
863 1571 973 1604 non
1017 1553 1159 1604 enim
1202 1551 1454 1603 amabiles
1486 1558 1579 1602 aut
1605 1554 1871 1602 merentes
1900 1547 2065 1598 amari
2106 1546 2297 1617 diligit,

311 1636 404 1687 sed
429 1635 674 1704 indignos
698 1634 808 1687 vita
831 1634 998 1703 gratia
1024 1654 1118 1686 sua
1147 1635 1312 1686 donat
1326 1654 1341 1699 3
1385 1635 1500 1686 haec
1526 1641 1609 1686 est
1634 1633 1778 1685 enim
1803 1632 1972 1701 gratia
2015 1651 2134 1701 quae
2179 1633 2296 1685 sine

308 1718 511 1770 ratione
536 1719 700 1782 venit,
732 1736 848 1786 quae
875 1718 988 1770 sine
1016 1718 1204 1770 merito
1232 1718 1494 1782 considet,
1521 1736 1638 1787 quae
1666 1717 1839 1769 causis
1873 1718 2097 1770 occultis
2143 1718 2298 1771 adest

310 1803 573 1872 ignobilis.
600 1803 835 1871 Mystica
853 1822 1042 1854 manus
1059 1802 1283 1854 Domini
1297 1802 1499 1871 judicio
1519 1820 1645 1853 vero
1659 1802 1807 1870 justa
1825 1803 2175 1856 ventilatione
2197 1804 2300 1856 sibi

313 1896 550 1957 segregat
577 1908 606 1939 a
631 1887 830 1938 zizania
854 1889 1202 1953 frumentum,
1244 1889 1360 1940 haec
1404 1906 1515 1939 non
1555 1887 1750 1939 minori
1794 1887 2151 1941 sollicitudine
2197 1888 2301 1941 sibi

315 1981 523 2042 separat
542 1990 571 2023 a
586 1973 853 2025 frumento
871 1973 1125 2024 zizaniam
1142 1994 1157 2038 3
1196 1973 1340 2042 quod
1357 1972 1447 2024 illa
1463 1972 1755 2041 prudenter
1774 1973 1939 2042 eligit,
1957 1974 2074 2025 haec
2093 1973 2300 2044 impru-

314 2059 500 2110 denter
525 2058 683 2126 ejicit,
722 2064 777 2108 et
812 2073 935 2124 ergo
975 2055 1113 2106 sicut
1149 2062 1204 2106 et
1239 2054 1459 2124 inquam
1501 2054 1748 2123 pluribus
1793 2062 1878 2107 tot
1920 2073 2021 2107 nos
2054 2055 2302 2108 hortatur

313 2143 506 2195 aculeis
547 2140 866 2194 dominatrix
899 2139 1057 2192 curiae
1098 2139 1378 2209 cupiditaS,
1422 2140 1566 2208 quod
1614 2158 1712 2208 pro
1759 2141 2117 2193 sollicitudine
2159 2140 2300 2194 risus

314 2228 631 2281 eliminatur.
706 2226 815 2280 Qui
839 2225 977 2277 ridet
1000 2224 1219 2288 ridetur,
1255 2223 1345 2294 qui
1362 2225 1512 2276 sedet
1529 2224 1586 2275 in
1605 2225 1823 2278 tristitia
1839 2243 2024 2295 sapere
2039 2226 2300 2279 videatur.

315 2314 389 2364 Et
407 2314 612 2382 judices
638 2314 809 2365 nostri
831 2310 1022 2380 gaudia
1045 2310 1294 2380 puniunt,
1320 2310 1728 2381 retribuuntque
1745 2311 2073 2376 moestitiam,
2093 2330 2217 2364 cum
2234 2330 2302 2364 ex

311 2395 454 2447 bona
478 2396 798 2448 conscientia
821 2396 951 2449 boni
969 2397 1115 2465 juste
1138 2396 1421 2465 gaudeant,
1465 2414 1532 2449 ex
1561 2397 1699 2449 mala
1724 2398 1850 2450 mali
1889 2397 2081 2451 merito
2121 2397 2302 2451 moesti

366 2560 391 2585 ²*
418 2561 708 2610 Briareus,—“
728 2563 771 2602 Si
788 2566 972 2615 resurgat
991 2563 1241 2603 centimanus
1262 2563 1421 2615 gigas.’'
1453 2564 1601 2604 Horat.
1623 2565 1716 2606 Lib.
1736 2565 1782 2606 ii.
1804 2566 1887 2606 Od.
1906 2566 2004 2606 xvii.
2023 2566 2054 2605 1.
2079 2569 2146 2606 14.

954 2649 983 2670 “
1006 2650 1170 2685 centum
1189 2646 1253 2687 cui
1273 2645 1439 2684 brachia
1457 2646 1600 2685 dicunt

741 2713 1021 2763 Centenasque
1039 2725 1199 2760 manus,
1220 2712 1514 2763 quinquaginta
1525 2713 1662 2752 oribus
1681 2713 1816 2764 ignem

745 2779 1064 2830 Pectoribusque
1083 2778 1275 2819 arsisse.'’
1710 2781 1825 2833 Virg.
1845 2781 1944 2821 AEn.
1965 2795 2005 2821 x.
2030 2782 2126 2822 565.

688 2875 719 2919 †

908 2874 935 2894 ⁴⁸
959 2872 1174 2911 Herculeis
1192 2884 1376 2923 pressum
1395 2874 1454 2913 sic
1472 2874 1581 2913 fama
1597 2872 1758 2914 lacertis

744 2940 1001 2990 Terrigenam
1022 2939 1187 2978 sudasse
1205 2939 1353 2992 Libyn,
1375 2953 1470 2980 eum
1487 2941 1629 2981 fraude
1647 2947 1808 2993 reperta

750 3007 903 3058 Raptus
921 3007 965 3045 in
984 3007 1203 3054 excelsum,
1224 3020 1299 3047 nec
1315 3008 1400 3058 jam
1418 3021 1511 3060 spes
1530 3010 1613 3048 ulla
1632 3009 1816 3059 cadendi,

744 3073 832 3113 Nec
848 3075 944 3114 licet
963 3079 1142 3114 extrema
1159 3078 1331 3115 matrem
1346 3077 1581 3128 contingere
1595 3078 1779 3129 planta.''
1802 3079 1907 3118 Stat.
1923 3079 2122 3119 Thebaid.
2136 3080 2191 3119 vi.
2211 3083 2306 3122 890.

373 3154 398 3201 ‡
429 3154 535 3193 “Tu
576 3155 782 3194 fortunam
825 3161 945 3207 putas
982 3169 1076 3207 erga
1111 3161 1152 3196 te
1189 3171 1278 3197 esse
1333 3160 1571 3199 stantiam.'’
1630 3161 1831 3200 Boethius
1852 3162 1901 3201 de
1922 3161 2130 3201 Consolat.
2149 3160 2305 3200 Philos.

324 3223 547 3259 mutatam?
593 3222 730 3262 Erras.
788 3224 844 3263 Hi
865 3238 1023 3276 semper
1039 3226 1126 3275 ejus
1144 3238 1277 3266 mores
1331 3228 1405 3267 lib.
1427 3228 1475 3267 ii.
1494 3240 1614 3279 prosa
1636 3232 1674 3268 l.
1723 3229 1872 3281 Mapes
1891 3229 2011 3279 again
2030 3232 2177 3279 quotes
2197 3228 2305 3267 from

326 3293 435 3334 sunt,
454 3289 533 3327 ista
550 3293 708 3329 natura.
768 3290 947 3332 Servavit
964 3294 1072 3333 circa
1103 3297 1144 3333 te
1177 3307 1273 3346 pro·
1332 3307 1531 3347 memory,
1553 3297 1633 3335 and
1647 3297 1759 3348 gives
1774 3297 1844 3336 the
1860 3308 1979 3336 sense
1993 3295 2154 3335 instead
2173 3295 2220 3334 of
2236 3295 2307 3335 the

324 3355 451 3405 priam
470 3356 604 3405 potius
622 3356 665 3395 in
685 3358 771 3408 ipsa
788 3359 851 3399 sui
878 3361 1148 3401 mutabilitate
1181 3375 1276 3402 con·
1333 3367 1449 3403 exact
1467 3364 1617 3404 words.
