2638 3860
370 367 434 415 16
1072 369 1382 407 GUAL'I'ERI
1423 367 1622 403 MAPES
2043 363 2244 416 [Distinc.
2267 362 2306 403 L·

362 520 547 573 preces
573 507 627 554 et
650 505 791 552 vota.
866 498 1023 551 Salva
1048 501 1175 547 sunt
1213 493 1394 545 Herlae
1421 510 1539 561 quae
1582 496 1974 560 praeparaverat
1992 509 2008 554 3
2048 489 2131 541 sui
2157 488 2348 541 sedent

360 588 418 640 in
467 586 576 638 otio
621 583 868 645 ministri,
929 579 1019 649 qui
1071 595 1169 629 nec
1211 582 1471 644 petuntur
1512 591 1612 626 nec
1654 572 1917 625 tribuunt.
1994 572 2346 624 Circumeunt

361 670 608 741 pygmaei,
631 667 851 737 gratiam
876 663 942 715 ab
969 660 1217 714 omnibus
1245 657 1536 721 consecuti,
1562 656 1896 725 pretiositate
1919 657 2172 720 vestium,
2197 673 2345 724 gem-

361 772 565 807 marum
591 750 738 820 quasi
761 746 1038 800 luminaria
1061 761 1159 814 pro
1186 741 1388 795 caeteris
1415 741 1643 804 accensi,
1659 739 1864 792 nemini
1882 740 2047 791 verbo
2071 741 2159 793 vel
2184 757 2345 808 opere

359 837 443 888 vel
467 834 746 904 praesentia
775 833 859 885 vel
898 829 1138 882 absentia
1162 826 1388 879 taediosi.
1464 827 1582 877 Rex
1620 825 1783 893 igitur
1832 841 2017 876 eorum
2055 823 2114 875 in
2153 823 2345 875 mediis

358 921 722 973 ministrorum
748 936 965 970 suorum
991 911 1428 983 occupationibus
1468 911 1692 963 Herlam
1717 927 1896 979 regem
1922 908 2210 978 alloquitur
2236 908 2342 960 sic:

358 1010 392 1035 “
410 1007 526 1057 Rex
550 1004 768 1073 optime,
813 1001 1050 1054 Domino
1094 1006 1250 1062 teste,
1292 996 1446 1050 vobis
1473 1014 1652 1047 assum
1673 995 1828 1063 juxta
1851 1000 2071 1063 pactum
2095 1000 2345 1045 nostrum

358 1090 414 1141 in
437 1089 639 1158 nuptiis
666 1087 854 1140 vestris
872 1107 887 1151 3
926 1086 972 1137 si
1015 1084 1142 1153 quid
1183 1091 1363 1135 autem
1401 1079 1736 1132 diffinitionis
1778 1085 1972 1131 vestrae
2015 1084 2197 1147 potest
2232 1096 2345 1129 am-

358 1174 498 1243 plius
524 1192 554 1224 a
578 1191 664 1225 me
689 1172 800 1242 peti
826 1189 984 1240 quam
1022 1169 1166 1239 quod
1206 1166 1439 1231 cernitiS,
1483 1173 1725 1218 accurate
1765 1163 2026 1232 supplebo
2065 1163 2257 1228 libens,
2299 1162 2345 1215 si

361 1259 530 1311 vicem
571 1257 790 1309 honoris
832 1255 1045 1325 inpensi
1087 1273 1209 1306 cum
1251 1251 1489 1322 repetavi
1530 1269 1642 1303 non
1688 1249 1955 1301 differaS.''
2033 1248 2137 1300 His
2168 1248 2344 1314 dictis,

358 1359 615 1411 responso
641 1359 751 1393 non
776 1347 1073 1409 expectatO,
1100 1356 1156 1389 se
1195 1336 1404 1389 subitus
1441 1336 1566 1388 inde
1608 1334 1868 1404 papilioni
1913 1351 2011 1386 suo
2051 1332 2245 1397 reddit,
2290 1339 2345 1384 et

360 1427 496 1480 circa
520 1426 842 1495 gallicinium
867 1444 989 1477 cum
1035 1423 1144 1475 suis
1171 1422 1445 1474 abscessit.
1522 1422 1656 1473 Post
1699 1438 1900 1471 annum
1944 1425 2124 1469 autem
2165 1435 2345 1470 coram

362 1511 528 1563 Herla
543 1510 748 1561 subitus
766 1508 969 1577 expetit
988 1516 1048 1559 ut
1067 1507 1168 1559 sibi
1183 1507 1358 1576 pactio
1377 1513 1633 1558 servetur.
1705 1504 1916 1556 Annuit
1930 1503 2038 1567 ille,
2069 1502 2346 1571 provisus-

358 1613 461 1664 que
487 1595 614 1646 satis
640 1594 707 1645 ad
731 1610 1010 1661 repensam
1034 1591 1265 1655 talionis,
1292 1609 1397 1659 quo
1424 1591 1598 1643 dictus
1626 1596 1709 1641 est
1735 1588 1988 1657 sequitur.
2045 1586 2343 1640 Cavernam

357 1680 517 1748 igitur
541 1678 811 1730 altissimae
836 1676 984 1745 rupis
1009 1675 1397 1744 ingrediuntur,
1424 1681 1479 1727 et
1503 1681 1629 1743 post
1654 1673 1950 1741 aliquantas
1994 1671 2242 1723 tenebras
2285 1671 2343 1723 in

357 1764 574 1827 lumine,
600 1762 743 1831 quod
767 1780 878 1813 non
901 1759 1182 1812 videbatur
1206 1760 1333 1811 solis
1360 1767 1454 1811 aut
1476 1759 1619 1810 lunae
1658 1758 1753 1809 sed
1793 1757 2161 1825 lampadarum
2205 1756 2344 1808 mul-

359 1855 551 1911 tarum,
577 1847 643 1897 ad
670 1846 857 1897 domos
882 1845 1111 1914 pygmaei
1136 1851 1433 1908 transeunt,
1459 1843 1792 1894 mansionem
1819 1841 2033 1910 quidem
2058 1842 2343 1893 honestam

359 1949 454 1999 per
473 1930 651 1982 omnia
676 1930 884 1998 qualem
910 1930 1059 1980 Naso
1085 1929 1282 1998 regiam
1309 1927 1561 1980 describit
1595 1927 1773 1979 solis*
1848 1925 2143 1978 Celebratis
2182 1925 2345 1995 igitur

360 2015 435 2067 ibi
459 2015 678 2084 nuptiiS,
705 2022 759 2066 et
783 2014 980 2066 talione
1005 2032 1248 2083 pygmaeo
1275 2015 1523 2066 decenter
1547 2013 1811 2081 impenSO,
1837 2011 2053 2063 licentia
2096 2012 2220 2064 data
2261 2029 2345 2063 re-

361 2100 502 2152 cedit
527 2100 692 2150 Herla
717 2098 1024 2150 muneribus
1052 2106 1277 2151 onustus
1304 2105 1359 2150 et
1383 2097 1591 2150 xenniis
1636 2115 1915 2166 equorum,
1955 2114 2165 2160 canum,
2209 2095 2344 2148 acci-

360 2184 578 2253 pitrum,
604 2192 657 2236 et
682 2184 921 2236 omnium
948 2202 1066 2253 quae
1091 2184 1307 2236 venatui
1330 2184 1417 2236 vel
1441 2183 1668 2253 aucupio
1689 2181 2059 2253 praestantiora
2073 2181 2342 2234 videntur.

363 2268 629 2320 Conducit
654 2286 744 2320 eos
788 2268 850 2319 ad
903 2268 1148 2321 tenebras
1192 2287 1362 2337 usque
1404 2286 1701 2339 pygmaeUS,
1745 2275 1800 2319 et
1843 2284 2029 2319 canem
2068 2266 2343 2318 modicum

362 2350 755 2419 sanguinarium
791 2352 1095 2420 portatilem
1154 2360 1458 2422 praesentat,
1506 2352 1756 2404 omnibus
1800 2351 1975 2404 modis
2018 2351 2342 2404 interdicens

358 2453 426 2486 ne
452 2435 568 2503 quis
595 2435 660 2487 de
685 2442 802 2487 toto
828 2436 1083 2488 comitatu
1109 2455 1206 2489 suo
1233 2437 1521 2490 descendat
1547 2455 1774 2506 usquam
1814 2437 1984 2488 donec
2007 2436 2097 2488 ille
2122 2436 2268 2488 canis
2312 2455 2344 2489 a

357 2526 624 2588 portatore
682 2538 778 2572 suo
836 2521 1094 2588 prosiliat,
1144 2522 1388 2591 dictaque
1433 2522 1602 2574 salute
1655 2521 1924 2591 repatriat.
2000 2522 2169 2573 Herla
2216 2529 2343 2590 post

357 2604 626 2656 modicum
649 2604 706 2655 in
730 2604 911 2657 limine
955 2605 1081 2657 solis
1125 2613 1180 2658 et
1221 2624 1385 2675 regno
1428 2613 1675 2675 receptus
1716 2613 2029 2658 veteranum
2069 2611 2341 2673 pastorem

358 2688 655 2755 alloquitur,
679 2695 868 2755 petens
895 2688 960 2740 de
985 2688 1165 2757 regina
1191 2708 1286 2740 sua
1312 2707 1552 2741 rumores
1578 2707 1642 2741 ex
1682 2689 1917 2752 nomine,
1961 2706 2120 2757 quem
2157 2697 2343 2757 pastor

359 2789 480 2822 cum
505 2770 848 2822 admiratione
873 2772 1159 2840 respiciens
1198 2772 1304 2823 ait:
1379 2777 1414 2802 ‘⁶
1429 2773 1683 2836 Domine,
1707 2772 1944 2840 linguam
1969 2778 2119 2822 tuam
2143 2771 2234 2824 vix
2258 2773 2341 2825 in-

359 2856 553 2923 telligo,
591 2874 713 2907 cum
741 2856 841 2907 sim
880 2856 1038 2920 SaXO,
1063 2864 1125 2908 tu
1151 2857 1303 2909 Brito
1321 2878 1336 2922 3
1374 2875 1573 2909 nomen
1598 2864 1778 2908 autem
1819 2855 1962 2908 illius
2006 2874 2118 2908 non
2161 2858 2341 2910 audivi

357 2939 567 3008 reginae,
592 2939 696 2991 nisi
722 2940 865 3008 quod
890 2940 1040 2991 aiunt
1064 2942 1167 2993 hoc
1192 2940 1411 2993 nomine
1437 2941 1643 2992 dudum
1682 2939 1881 2992 dictam
1923 2940 2159 3009 reginam
2203 2942 2341 2995 anti-

361 3023 733 3090 quissimorum
761 3024 1044 3077 Britonum
1071 3043 1188 3093 quae
1221 3024 1324 3076 fuit
1366 3042 1502 3076 uxor
1546 3025 1726 3076 Herlae
1767 3024 1924 3094 regiS,
1970 3025 2061 3094 qui
2099 3025 2340 3080 fabulose

362 3106 551 3158 dicitur
575 3126 695 3159 cum
719 3127 962 3178 pygmaeo
989 3109 1221 3179 quodam
1245 3109 1313 3161 ad
1337 3109 1475 3161 hanc
1498 3127 1687 3179 rupem
1709 3109 2049 3179 disparuisse,
2073 3130 2341 3180 nusquam

363 3197 536 3241 autem
555 3199 741 3259 postea
757 3211 915 3263 super
939 3200 1132 3245 terram
1159 3193 1485 3263 apparuisse.
1559 3194 1798 3247 Saxones
1815 3212 1942 3248 vero
1962 3195 2075 3263 jam
2095 3195 2340 3248 ducentis

918 3322 942 3346 ²*
972 3325 1046 3363 See
1068 3325 1188 3364 Ovid.
1211 3326 1488 3378 Metamorph.
1510 3326 1582 3367 lib.
1603 3327 1645 3366 ii.
1666 3340 1705 3366 v.
1729 3331 1765 3367 1.
