2638 3860
337 379 404 425 82
1053 383 1364 418 GUALTERI
1406 382 1606 418 MAPES
2016 382 2216 433 [Distinc.
2238 382 2299 422 ῙῙ.

337 514 502 566 libras
524 531 726 565 annuas
752 512 921 563 facere
948 507 1179 560 dominis
1207 507 1334 559 suis·
1379 507 1701 559 Audivimus
1728 507 2000 559 daemones
2024 507 2249 560 incubos
2276 515 2331 560 et

340 599 622 663 succubOS,
638 605 691 650 et
711 595 1024 650 concubitus
1042 611 1226 645 eorum
1246 592 1574 662 periculosos
1593 613 1608 657 3
1643 592 1913 644 haeredem
1935 601 2115 645 autem
2142 611 2329 645 eorum

340 693 433 735 aut
459 683 698 735 sobolem
729 680 867 732 felici
900 679 1007 731 fine
1035 678 1248 730 beatam
1282 678 1339 728 in
1383 676 1616 746 antiquis
1657 676 1896 729 historiis
1943 686 2036 729 aut
2074 696 2192 731 raro
2237 685 2330 729 aut

338 786 610 836 nunquam
636 765 880 834 legimUS,
905 772 968 814 ut
992 761 1193 814 Alnodi
1220 762 1310 830 qui
1337 769 1507 813 totam
1532 761 1902 813 haereditatem
1929 781 2082 814 suam
2110 763 2328 814 Christo

337 870 434 921 pro
462 851 685 903 sanitate
713 868 808 902 sua
833 847 1097 912 retribuit,
1124 855 1179 900 et
1203 847 1259 899 in
1286 848 1402 916 ejus
1430 846 1700 917 obsequiis
1727 847 2004 900 residuum
2029 848 2154 901 vitae
2178 867 2330 919 pere-

338 937 520 1007 grinus
547 936 817 1006 expendit.

795 1076 931 1130 Item
955 1076 1017 1129 de
1043 1077 1230 1128 eisdem
1255 1077 1687 1143 apparitionibus.
1762 1076 1872 1129 xiii.

410 1193 461 1243 A
498 1189 740 1254 fantasia,
767 1190 910 1259 quod
936 1197 1018 1242 est
1043 1189 1304 1259 apparitio
1331 1189 1614 1253 transiens,
1650 1190 1843 1242 dicitur
1880 1191 2174 1255 fantasma3
2224 1191 2329 1245 illae

339 1277 482 1329 enim
508 1275 832 1346 apparentiae
859 1294 989 1345 quas
1016 1276 1282 1345 aliquibus
1308 1276 1580 1328 interdum
1608 1277 1879 1329 daemones
1906 1295 2001 1346 per
2029 1296 2084 1330 se
2110 1278 2331 1343 faciunt,

340 1383 371 1415 a
396 1365 514 1415 Deo
540 1362 687 1431 prius
714 1369 930 1430 accepta
949 1361 1179 1426 licentia,
1201 1370 1294 1414 aut
1312 1362 1626 1415 innocenter
1645 1371 1927 1416 transeunt
1947 1371 2040 1416 aut
2057 1371 2331 1428 nocenter,

342 1448 635 1501 secundum
663 1447 806 1516 quod
832 1448 1103 1499 Dominus
1129 1447 1390 1500 inducens
1418 1467 1507 1500 eas
1534 1455 1628 1499 aut
1653 1457 1934 1501 conservat
1954 1457 2046 1500 aut
2067 1449 2263 1500 deserit
2279 1456 2333 1501 et

340 1533 591 1601 temptari
615 1532 908 1601 permittit;
944 1541 999 1584 et
1024 1532 1151 1601 quid
1171 1533 1236 1584 de
1251 1532 1355 1584 hiis
1375 1533 1670 1585 fantasticis
1698 1533 1985 1585 dicendum
2003 1533 2213 1585 casibus
2241 1535 2333 1603 qui

339 1626 558 1670 manent
597 1625 651 1670 et
675 1617 818 1669 bona
844 1637 900 1670 se
928 1618 1263 1672 successione
1296 1626 1640 1687 perpetuant,
1680 1627 1743 1670 ut
1783 1620 1870 1671 hic
1908 1619 2111 1671 Alnodi
2151 1628 2205 1672 et
2243 1620 2332 1672 ille

340 1703 624 1755 Britonum
666 1703 731 1754 de
771 1722 876 1772 quo
919 1703 1182 1772 superiUS,
1223 1704 1279 1755 in
1323 1722 1428 1773 quo
1465 1704 1660 1756 dicitur
1685 1705 1838 1757 miles
1866 1706 2082 1774 quidam
2108 1724 2333 1757 uxorem

341 1807 490 1840 suam
519 1788 770 1856 sepelisse
794 1806 977 1841 revera
1002 1796 1289 1852 mortuam,
1316 1796 1370 1840 et
1395 1808 1426 1840 a
1452 1789 1643 1841 chorea
1667 1789 1978 1841 retribuisse
2012 1799 2239 1859 raptam,
2280 1800 2336 1843 et

340 1875 686 1943 postmodum
729 1892 793 1925 ex
834 1892 895 1926 ea
933 1874 1072 1926 filios
1114 1882 1169 1926 et
1209 1883 1433 1943 nepotes
1476 1875 1799 1943 suscepisse,
1841 1884 1896 1927 et
1932 1876 2219 1945 perdurare
2247 1896 2334 1929 so-

342 1960 519 2011 bolem
564 1958 616 2009 in
648 1959 790 2010 diem
814 1959 999 2023 istum,
1041 1967 1095 2012 et
1121 1978 1212 2012 eos
1241 1960 1332 2029 qui
1357 1967 1634 2012 traxerunt
1658 1960 1783 2012 inde
1810 1961 2068 2030 originem
2100 1962 2157 2012 in
2195 1963 2332 2014 mul-

342 2045 628 2096 titudinem
654 2045 842 2109 factOS,
878 2045 969 2113 qui
1011 2063 1198 2097 omnes
1238 2046 1363 2097 inde
1390 2048 1500 2113 filii
1533 2052 1750 2098 mortuae
1776 2047 2043 2112 dicuntur,
2069 2048 2334 2101 audienda

345 2138 471 2180 sunt
497 2147 657 2198 opera
697 2138 752 2182 et
789 2131 1168 2199 permissiones
1195 2131 1419 2183 Domini
1458 2150 1580 2184 cum
1621 2132 1769 2183 omni
1802 2133 2075 2201 patientia,
2121 2141 2175 2185 et
2215 2133 2332 2203 ipse

343 2213 643 2266 laudandus
669 2215 724 2266 in
753 2215 991 2284 singuliS,
1018 2216 1142 2284 quia
1182 2216 1320 2267 sicut
1358 2216 1474 2285 ipse
1517 2216 2073 2285 incomprehensibilis
2116 2226 2216 2283 est,
2258 2219 2334 2271 sic

341 2317 501 2367 opera
545 2318 640 2351 sua
690 2309 901 2352 nostras
951 2302 1340 2353 transcendunt
1389 2302 1783 2372 inquisitioneS,
1835 2311 1890 2355 et
1941 2303 2333 2373 disputationes

341 2385 591 2449 evadunt,
631 2393 685 2438 et
729 2386 978 2455 quicquid
1019 2387 1085 2439 de
1124 2388 1356 2455 puritate
1395 2388 1566 2457 ipsius
1603 2407 1632 2440 a
1657 2388 1815 2441 nobis
1843 2389 2128 2458 excogitari
2153 2398 2336 2459 potest

342 2476 433 2520 aut
459 2470 597 2532 sciri,
624 2470 669 2521 si
695 2471 823 2539 quid
851 2471 1066 2536 scimUS,
1085 2471 1141 2523 id
1165 2471 1397 2524 vidimus
1423 2472 1636 2537 habere,
1662 2491 1784 2525 cum
1811 2481 1958 2526 totus
1984 2475 2100 2543 ipse
2127 2475 2196 2527 sit
2211 2493 2336 2529 vera

340 2555 542 2623 puritas
569 2563 624 2608 et
649 2574 783 2625 pura
807 2557 1019 2609 veritas·

793 2699 921 2751 Item
949 2701 1010 2751 de
1036 2701 1223 2752 eisdem
1249 2702 1681 2768 apparitionibus
1755 2701 1885 2770 xiiij.

416 2810 578 2864 Miles
596 2812 812 2882 quidam
830 2832 859 2864 a
876 2812 1145 2865 carissima
1162 2813 1263 2864 sibi
1283 2813 1424 2865 bona
1445 2813 1659 2882 quidem
1681 2821 1736 2866 et
1760 2813 1929 2866 nobili
1949 2833 2114 2867 uxore
2134 2816 2334 2885 primo-

343 2897 580 2966 genitum
607 2898 781 2967 primo
809 2917 964 2951 mane
999 2906 1126 2968 post
1153 2899 1270 2968 ejus
1296 2899 1631 2951 nativitatem
1667 2900 1973 2969 jugulatum
1999 2902 2252 2971 repperit,
2278 2903 2335 2954 in

345 2982 496 3050 cujus
541 2990 596 3034 et
639 3001 779 3035 anno
824 2984 1069 3036 revoluto
1111 2984 1424 3048 secundum,
1461 2991 1515 3035 et
1551 2984 1709 3036 tertio
1752 2984 1994 3038 similiter
2019 2987 2255 3053 tertium,
2282 2997 2338 3041 et

345 3067 584 3118 omnium
612 3086 832 3119 suorum
858 3068 1097 3121 excubiis
1123 3068 1373 3121 flebiliter
1398 3070 1613 3122 delusis·
1667 3071 2049 3124 Praevenerunt
2074 3091 2198 3142 ergo
2217 3073 2335 3142 ipse

345 3157 398 3200 et
424 3169 554 3202 uxor
583 3170 677 3204 sua
704 3154 891 3223 suique
918 3161 1166 3222 quartum
1201 3155 1546 3224 puerperium
1581 3156 1800 3226 jejuniis
1827 3165 1881 3209 et
1907 3158 2243 3210 eleemosinis
2278 3165 2333 3209 et

352 3234 681 3288 orationibus
722 3246 776 3291 et
814 3239 1044 3291 lacrimis
1088 3239 1291 3305 multiS,
1330 3248 1596 3310 natusque
1637 3249 1722 3293 est
1747 3241 1822 3294 eis
1848 3261 1998 3311 puer,
2026 3261 2184 3311 quem
2211 3260 2335 3294 cum

353 3316 429 3367 eis
455 3317 669 3386 ignibus
711 3323 1049 3393 lampadibus
1076 3324 1484 3391 circumdanteS,
1518 3331 1632 3378 tota
1670 3325 1864 3379 vicinia
1904 3343 2091 3379 omnes
2117 3325 2173 3377 in
2214 3343 2337 3378 eum
