2638 3860
336 285 437 337 Cap.
458 286 574 337 xxx.]
952 287 1032 323 DE
1074 286 1258 324 Nuels
1301 287 1677 326 cmuALmM.
2250 281 2318 330 63

305 410 651 464 devotissime
676 412 1076 481 poenitentiam,
1096 421 1151 467 et
1176 433 1300 467 cum
1327 415 1513 468 multis
1540 435 1666 469 eum
1691 415 1909 470 edocuit
1927 416 2161 470 lacrimis
2181 419 2320 472 mul-

304 495 593 548 titudinem
620 497 1031 550 miserationum
1051 499 1294 564 Domini,
1313 508 1368 552 et
1393 519 1583 554 omnes
1611 503 1920 555 daemonum
1950 511 2177 556 conatus
2206 504 2320 556 sola

308 581 414 634 fide
438 582 613 648 vinci3
639 591 702 635 ut
744 584 884 636 visui
930 584 1237 654 subjectum
1280 585 1533 653 habebat,
1578 606 1750 658 nepos
1787 608 1927 659 aegre
1966 589 2172 643 ferebat
2211 607 2321 643 ser-

309 686 545 734 monem,
563 677 618 721 et
643 670 875 723 abcessit
899 671 956 722 in
976 672 1291 725 thalamum.
1332 672 1590 743 Princeps
1617 692 1742 744 ergo
1763 675 2013 728 delusum
2037 694 2094 728 se
2112 676 2322 741 dolenS,

309 753 508 806 milites
529 756 743 824 nepotis
771 774 1045 809 eversores
1073 775 1256 811 secum
1283 758 1502 812 deducit
1528 759 1586 811 in
1605 760 1854 827 vinculiS‚
1875 769 1931 814 et
1949 762 2006 813 in
2027 769 2325 832 conspectu

308 841 499 909 populi
524 841 681 893 multi
707 850 762 894 et
788 842 968 911 magni
993 843 1260 896 conclusit
1284 862 1377 897 eos
1402 844 1460 897 in
1486 852 1664 916 tegete
1703 847 1851 916 posti
1880 847 2105 901 firmiter
2142 848 2325 918 alliga-

309 931 414 991 tos,
440 926 667 996 igneque
694 927 977 997 supposito
1002 935 1176 981 totam
1202 928 1503 982 combussit
1528 931 1931 986 domunculam.
1983 933 2115 986 Illos
2141 941 2325 986 autem

311 1011 533 1064 omnino
558 1031 670 1064 non
695 1012 874 1082 tetigit
898 1012 1055 1081 igniS‚
1081 1031 1182 1066 nec
1207 1013 1371 1066 etiam
1395 1013 1454 1065 in
1487 1015 1731 1068 vestibus
1762 1017 1976 1069 adustio
2001 1019 2088 1071 vel
2113 1018 2326 1071 modica

310 1095 529 1149 inventa
554 1105 654 1150 est.
718 1098 962 1168 Insurgit
987 1116 1112 1168 ergo
1138 1098 1329 1168 populi
1353 1100 1622 1152 tumultus
1647 1101 1704 1153 in
1730 1102 2050 1172 principem,
2077 1103 2325 1170 dicentiS‚

314 1182 714 1234 “Peccavimus
748 1183 805 1234 in
847 1183 994 1236 viros
1033 1183 1369 1253 justissimos
1414 1193 1602 1238 contra
1643 1186 1809 1239 fidem
1852 1187 1993 1241 veris
2033 1188 2326 1241 virtutibus

311 1265 718 1335 approbatam.''
795 1267 1054 1337 Princeps
1107 1268 1178 1321 ob
1229 1270 1600 1339 apparentiam
1649 1278 1857 1324 tantam
1906 1272 1964 1324 in
2005 1274 2156 1326 nullo
2199 1274 2327 1326 fidei

315 1350 637 1404 Christianae
676 1352 938 1423 derogans
983 1354 1069 1407 vel
1115 1354 1388 1420 dubitanS‚
1426 1355 1561 1407 iram
1613 1362 1667 1408 et
1705 1375 1868 1409 voces
1914 1357 2147 1427 placavit
2179 1358 2327 1429 vulgi

312 1435 607 1502 blanditiis,
645 1439 916 1509 fidemque
959 1439 1208 1510 benignis
1249 1441 1534 1494 affirmavit
1573 1442 1930 1495 sermonibus,
2008 1443 2328 1497 Pontificem

312 1522 540 1574 Viennae
567 1523 818 1587 consulit,
846 1523 937 1593 qui
965 1542 1057 1577 eos
1083 1525 1140 1576 in
1168 1525 1330 1577 domo
1357 1526 1560 1595 majore
1586 1527 1854 1580 conclusit
1877 1528 2070 1598 ligatos
2095 1537 2159 1581 ut
2183 1537 2327 1594 ante,

316 1608 643 1676 domumque
669 1615 839 1660 totam
868 1617 1018 1662 extra
1044 1610 1307 1663 circuiens
1334 1629 1471 1680 aqua
1494 1610 1780 1665 benedicta
1813 1614 2116 1684 conspersit
2141 1621 2329 1667 contra

314 1693 680 1761 praestigium3
728 1693 910 1763 ignem
948 1694 1108 1764 jubet
1152 1695 1372 1765 apponi,
1417 1695 1510 1765 qui
1553 1696 1715 1748 nullis
1742 1697 2053 1750 flammibus
2096 1699 2329 1752 nullisve

315 1778 571 1830 fomentis
599 1779 785 1831 domui
818 1780 1000 1849 potuit
1039 1780 1319 1845 inhaerere,
1344 1781 1432 1833 vel
1457 1781 1743 1851 quicquam
1777 1784 2016 1837 adurere.
2094 1785 2332 1837 Insultat

315 1863 478 1933 igitur
511 1864 756 1933 pontifici
796 1872 908 1917 tam
947 1866 1076 1919 laesa
1115 1866 1222 1919 fide
1266 1865 1474 1931 civitaS,
1518 1874 1582 1919 ut
1624 1867 1908 1921 manifeste
1948 1868 2108 1921 multi
2148 1870 2330 1922 stultis

315 1958 672 2019 prorumpant
696 1950 753 2002 in
789 1968 914 2002 eum
939 1950 1184 2017 vocibuS‚
1213 1959 1285 2016 et,
1313 1951 1358 2003 si
1384 1969 1495 2004 non
1523 1951 1706 2005 obstet
1731 1953 1937 2005 domini
1963 1954 2047 2005 sui
2070 1954 2330 2024 principis

317 2036 632 2100 reverentia,
649 2036 964 2106 pontificem
980 2036 1162 2106 ipsum
1188 2037 1244 2089 in
1266 2037 1511 2089 flammas
1533 2038 1845 2108 dejicerent,
1866 2046 1922 2091 et
1939 2057 2051 2091 non
2071 2047 2330 2092 nocentes

317 2120 623 2173 liberarent.
697 2122 958 2191 Depulsis
1008 2122 1171 2192 igitur
1212 2123 1427 2188 hostiis,
1465 2124 1523 2176 in
1568 2125 1793 2177 domum
1837 2124 2127 2191 irruerunt,
2168 2133 2223 2179 et
2261 2127 2332 2178 ad

318 2214 535 2276 postem
573 2207 855 2259 venientes
896 2207 1156 2260 carbones
1192 2216 1247 2261 et
1283 2209 1490 2261 favillas
1517 2227 1588 2261 ex
1616 2210 1831 2262 ossibus
1857 2228 2045 2262 eorum
2080 2218 2135 2262 et
2160 2211 2332 2262 carni-

320 2292 424 2343 bus
462 2293 629 2344 factas
672 2291 971 2357 inveniant,
996 2293 1213 2345 vincula
1256 2293 1445 2346 vident
1483 2294 1668 2358 illaesa,
1693 2302 1909 2364 postem
1951 2294 2233 2359 intactum,
2277 2303 2333 2347 et

313 2377 681 2448 justissimum
706 2377 887 2446 ignem
930 2378 987 2429 in
1027 2396 1120 2430 eos
1162 2379 1306 2431 solos
1346 2379 1439 2449 qui
1464 2380 1838 2449 delinquerant
1871 2378 2332 2433 animadvertisse.

325 2462 610 2515 Convertit
626 2481 750 2532 ergo
776 2463 1042 2532 benignus
1060 2464 1334 2516 Dominus
1362 2465 1523 2518 corda
1539 2465 1830 2517 errantium
1847 2464 1912 2515 ad
1939 2463 2333 2533 poenitentiam,

324 2556 379 2601 et
417 2547 780 2618 blasphemias
821 2549 878 2600 in
927 2551 1162 2604 laudem.
1255 2552 1476 2605 Nostris
1510 2552 1628 2604 haec
1670 2559 1797 2604 sunt
1825 2558 1941 2603 orta
1975 2550 2332 2619 temporibus,

324 2636 529 2687 Nostra
563 2635 682 2686 dico
709 2642 954 2704 tempora
986 2637 1402 2690 modernitatem
1439 2638 1597 2702 hanc,
1639 2638 1832 2689 horum
1875 2634 2078 2688 scilicet
2114 2643 2334 2688 centum

325 2739 590 2774 annorum
616 2721 958 2786 curriculum,
979 2722 1132 2791 cujus
1154 2724 1331 2776 adhuc
1356 2742 1502 2776 nunc
1527 2723 1733 2775 ultimae
1753 2729 1933 2791 partes
1954 2727 2156 2786 extant,
2177 2721 2332 2790 cujus

324 2808 494 2860 totius
519 2808 575 2859 in
616 2807 701 2859 his
746 2826 865 2877 quae
909 2807 1167 2860 notabilia
1195 2816 1323 2861 sunt
1358 2809 1487 2861 satis
1515 2816 1598 2861 est
1636 2827 1797 2861 ruens
1825 2815 1879 2860 et
1913 2807 2195 2859 manifesta
2218 2825 2334 2860 me-

327 2893 514 2956 moria,
548 2910 671 2944 cum
710 2893 885 2945 adhuc
910 2893 1072 2963 aliqui
1115 2894 1390 2964 supersint
1429 2901 1739 2958 centenneS‚
1778 2900 1833 2945 et
1874 2892 2073 2944 infiniti
2110 2892 2207 2944 filii
2240 2893 2334 2962 qui

327 2996 394 3030 ex
418 2984 631 3047 patrum
650 2984 705 3028 et
724 2996 947 3030 avorum
968 2979 1321 3032 relationibus
1349 2979 1647 3033 certissime
1666 2985 1887 3031 teneant
1912 2996 2029 3047 quae
2057 2996 2167 3029 non
2183 2977 2333 3030 vide-

326 3069 473 3115 runt.
550 3061 786 3113 Centum
813 3081 984 3114 annos
1011 3065 1103 3133 qui
1129 3065 1454 3117 effluxerunt
1479 3065 1599 3117 dico
1633 3072 1875 3116 nostram
1901 3063 2333 3130 modernitatem,

329 3157 383 3202 et
416 3166 527 3199 non
555 3147 646 3216 qui
671 3147 914 3212 veniunt,
941 3167 1064 3199 cum
1092 3149 1335 3218 ejusdem
1362 3157 1578 3201 tantum
1621 3149 1730 3200 sint
1765 3148 1988 3202 rationis
2035 3149 2333 3201 secundum

328 3232 818 3304 propinquitatem3
859 3233 1113 3302 quoniam
1140 3235 1206 3287 ad
1232 3235 1594 3289 narrationem
1619 3235 1854 3306 pertinet
1882 3234 2228 3306 praeteritam,
2266 3234 2334 3287 ad
