2638 3860
307 328 408 380 Cap.
430 328 761 381 xxvi.—xxviii.]
924 327 1002 362 DE
1044 325 1227 363 NUGIs
1269 326 1643 364 GURIALIUM.
2219 314 2290 363 59

276 454 480 505 Noster
506 454 776 520 dominUS,
801 454 857 506 id
888 461 988 518 est,
1014 471 1108 506 rex
1139 454 1409 508 Henricus
1442 454 1730 519 secunduS,
1755 451 1842 506 cui
1867 451 2012 505 unde
2045 451 2288 505 revelant

274 539 455 591 omnia
480 540 714 592 caritatis
739 540 942 592 intuitu
967 539 1043 593 eis
1082 548 1166 593 est
1201 548 1314 593 tam
1338 542 1558 611 profuse
1583 539 1888 604 munificUS,
1925 545 1988 591 ut
2011 556 2281 607 nusquam

273 632 464 693 egeant
501 632 699 690 actum,
726 633 780 678 et
819 626 888 677 ad
920 626 1022 678 hos
1050 626 1291 678 ostendit
1332 627 1552 679 avaritia
1577 625 1806 696 digitum
1839 632 1895 678 et
1919 644 1950 678 a
1975 631 2125 677 tactu
2168 639 2277 675 non

271 716 558 779 temporat.
634 712 826 781 Nuper
850 711 1051 764 etenim
1084 711 1439 780 providerunt
1463 720 1526 765 ut
1548 711 1786 765 habeant
1820 711 1878 764 in
1905 710 2129 781 singulis
2154 726 2280 779 pro-

270 794 489 866 pinquis
524 795 830 849 civitatibus
869 796 1108 866 singulos
1152 795 1313 862 cives,
1340 797 1432 866 qui
1471 797 1574 850 sibi
1596 805 1778 851 vestes
1805 805 1860 851 et
1883 796 2134 851 victualia
2157 812 2283 864 pro-

272 889 461 933 curent
495 900 562 934 ex
586 882 820 952 acceptis
853 881 1187 947 muneribUS,
1213 882 1454 952 ipsisque
1493 890 1808 936 meruerunt
1832 899 2051 935 omnem
2075 899 2107 932 a
2130 878 2280 949 prin-

271 965 483 1035 cipibus
527 966 956 1032 immunitatem3
994 967 1140 1019 unde
1178 966 1243 1018 fit
1283 974 1347 1019 ut
1389 966 1543 1020 aiunt
1585 968 1838 1037 quatinus
1877 966 2010 1037 ipsis
2038 984 2095 1018 se
2121 963 2280 1017 multi

269 1052 528 1121 praecipui
553 1070 677 1104 cum
703 1051 815 1104 suis
841 1052 1070 1105 offerant
1094 1058 1150 1104 et
1173 1051 1521 1121 accipiantur,
1537 1053 1856 1122 aestimoque
1881 1051 2183 1104 timendum
2208 1067 2279 1102 ne

267 1144 396 1205 post
419 1138 524 1190 hoc
543 1136 638 1189 fiat
662 1136 863 1207 aliquid
887 1157 900 1189 ε
934 1137 1050 1207 jam
1075 1136 1222 1190 enim
1246 1136 1522 1190 intersunt
1547 1137 1828 1208 colloquiis
1863 1153 2157 1207 regumque
2181 1151 2277 1186 ne-

266 1222 412 1292 gotia
436 1229 684 1276 tractant.

775 1368 859 1419 De
885 1368 1089 1435 oriyine
1117 1367 1517 1436 Simplinqham.
1593 1354 1761 1421 xxvii.

342 1476 608 1547 Magister
653 1476 984 1530 Gillebertus
1026 1478 1092 1530 de
1138 1477 1618 1550 simplingeham,*
1655 1480 1748 1551 qui
1792 1480 1969 1534 adhuc
2013 1486 2278 1551 superest,

267 1561 394 1614 licet
437 1580 504 1614 ex
543 1561 692 1614 senio
733 1579 924 1628 caeCUS,
951 1562 1231 1615 centennis
1271 1564 1416 1617 enim
1451 1573 1544 1618 aut
1584 1584 1648 1618 eo
1675 1566 1905 1635 amplius
1945 1573 2045 1630 est,
2070 1584 2276 1618 novum

267 1646 507 1699 instituit
554 1647 825 1717 religionis
877 1648 1102 1713 cultum,
1148 1648 1239 1718 qui
1260 1664 1271 1669 ·’
1283 1649 1462 1720 primo
1506 1650 1705 1704 meruit
1743 1650 1810 1703 ab
1850 1651 2097 1721 Eugenio
2134 1669 2276 1721 papa

269 1733 591 1799 confirmari,
611 1733 900 1786 canonicos
946 1734 1151 1786 scilicet
1192 1735 1462 1804 regulares
1503 1743 1558 1788 et
1596 1754 1753 1789 muro
1796 1736 2118 1807 interposito
2158 1755 2276 1790 mo-

266 1817 454 1883 nialeS,
481 1837 550 1871 ne
576 1818 797 1871 videant
821 1818 909 1870 vel
932 1818 1220 1870 videantur
1245 1837 1419 1872 mares
1447 1818 1514 1872 ab
1534 1819 1657 1872 illis.
1717 1820 1940 1873 Nullam
1965 1821 2169 1873 habent
2192 1822 2275 1873 in-

265 1903 440 1958 vicem
477 1923 772 1970 accessum,
809 1903 915 1956 nisi
952 1903 1009 1955 in
1046 1903 1372 1957 necessitate
1415 1905 1669 1958 mittendi
1704 1906 1901 1959 viatici.
1968 1906 2059 1959 Fit
2092 1915 2275 1960 autem

264 1990 370 2042 hoc
412 2008 510 2060 per
548 1990 840 2043 fenestram
880 1988 1192 2042 cautissime
1240 1998 1615 2060 praeparatam,
1659 1991 1844 2044 multis
1894 1991 2274 2061 praesentibuS.

267 2076 476 2128 Multas
515 2076 629 2145 jam
674 2075 925 2145 optinent
965 2073 1276 2127 mansiones
1294 2096 1309 2140 3
1348 2083 1404 2128 at
1442 2076 1696 2146 Angliam
1732 2095 1846 2130 non
1886 2085 2016 2130 sunt
2058 2078 2276 2147 egressi.

267 2160 423 2212 Nihil
462 2161 638 2213 adhuc
680 2160 807 2214 inde
854 2159 1139 2212 sinistrum
1181 2161 1417 2226 auditur,
1445 2162 1540 2215 sed
1564 2162 1728 2215 timor
1753 2170 1837 2216 est
1854 2183 1870 2227 ;
1892 2168 1926 2225 †
1968 2163 2278 2233 frequenter

266 2245 412 2297 enim
436 2245 652 2298 fraudes
678 2245 905 2298 Veneris
944 2265 1130 2299 muros
1158 2247 1427 2302 Minervae
1468 2256 1774 2319 penetrant,
1818 2267 1919 2302 nec
1962 2257 2047 2303 est
2089 2268 2272 2302 earum

267 2331 383 2384 sine
410 2349 683 2384 consensu
711 2331 1040 2400 congressio·
1165 2343 1167 2346 ’

606 2490 754 2553 Item,
779 2489 1148 2555 recapitulatio
1179 2489 1640 2542 carthusiensium.
1718 2489 1902 2542 xxviii.

340 2600 568 2668 Iterum,
607 2607 691 2652 est
734 2599 869 2652 alius
914 2600 1129 2665 modUS,
1169 2607 1232 2652 ut
1271 2598 1592 2669 praedictum
1633 2602 1734 2661 est,
1773 2595 1830 2647 in
1877 2595 2271 2649 Grisevoldano

263 2690 527 2752 repertus,
605 2682 734 2736 Uno
774 2683 960 2737 decem
993 2684 1296 2755 presbyteri
1323 2691 1378 2737 et
1402 2682 1548 2754 prior
1574 2689 1937 2747 commanent,
1977 2682 2072 2733 sed
2111 2682 2271 2735 divisi

320 2882 347 2907 θ’
374 2882 475 2922 This
495 2883 531 2922 is
552 2895 576 2922 a
595 2884 760 2925 curious
780 2886 919 2926 notice
939 2887 987 2926 of
1014 2885 1178 2927 Gilbert
1197 2886 1244 2927 of
1349 2888 1381 2933 Τ
1408 2886 1496 2925 The
1521 2884 1818 2937 juxtaposition
1851 2884 1898 2924 of
1925 2885 1995 2924 the
2043 2886 2124 2923 two
2155 2897 2271 2926 sexes

268 2950 594 3001 Sempringham,
617 2951 688 2991 the
705 2952 881 2993 founder
909 2954 957 2993 of
983 2966 1064 2994 one
1097 2954 1146 2994 of
1169 2954 1242 2993 the
1296 2966 1391 3002 was,
1411 2955 1613 3001 however,
1636 2966 1660 2992 a
1688 2953 1847 3003 subject
1877 2953 1924 2991 of
1952 2952 2076 2991 much
2108 2953 2273 2992 scandal

266 3022 377 3056 most
396 3018 648 3057 remarkable
667 3020 806 3060 orders
828 3022 874 3061 of
900 3022 1049 3062 monks
1062 3021 1107 3060 iu
1127 3022 1241 3073 Eng-
1299 3022 1548 3062 afterwards.
1605 3021 1681 3060 See
1694 3034 1762 3072 my
1778 3020 1963 3059 Political
1980 3020 2110 3071 Songs
2128 3020 2271 3072 (Cam-

265 3085 375 3124 land.
431 3085 531 3124 This
556 3086 800 3127 foundation
823 3089 924 3128 took
953 3090 1069 3140 place
1099 3090 1145 3128 in
1172 3089 1244 3128 the
1300 3089 1379 3128 den
1400 3089 1565 3140 Society
1599 3088 1889 3139 Publication),
1910 3101 1948 3139 p.
1975 3091 2067 3136 138,
2088 3088 2169 3127 and
2198 3089 2270 3128 the

264 3153 452 3193 troubled
483 3155 597 3204 reign
625 3155 671 3194 of
699 3155 896 3207 Stephen.
956 3155 1119 3196 Gilbert
1149 3156 1242 3196 died
1295 3161 1472 3196 account
1496 3156 1543 3195 of
1565 3156 1648 3195 this
1670 3156 1789 3194 order
1806 3156 1849 3194 in
1868 3156 1940 3196 the
1959 3156 2135 3196 satirical
2148 3168 2269 3208 poem

265 3224 307 3260 at
327 3234 350 3261 a
368 3234 465 3273 very
485 3222 693 3262 advanced
712 3236 800 3275 age,
821 3224 865 3263 in
886 3224 1007 3264 1189.
1296 3223 1343 3263 of
1371 3224 1560 3276 Nigellus
1579 3223 1784 3263 Wireker.
